timestamp_x,ask_price,bid_price
1643673626381702.8,0.999864875,0.9998570625
1643673697224479.2,0.9998636666666666,0.9998579333333333
1643673757948163.0,0.9998629411764706,0.9998590588235295
1643673817618478.0,0.9998617142857142,0.999859
1643673874408369.2,0.999861,0.9998596842105263
1643673936592324.0,0.9998606153846153,0.9998594615384615
1643673977350702.8,0.99986,0.9998572000000001
1643674049878394.2,0.99986,0.999859
1643674117235495.8,0.99986,0.9998590000000002
1643674165975331.8,0.9998600000000001,0.9998589999999999
1643674230858435.0,0.9998735599999999,0.999859
1643674301039827.5,0.9998750487804878,0.9998591219512196
1643674353753916.8,0.99987376,0.9998594
1643674414346044.5,0.9998726666666666,0.9998593888888888
1643674472162316.5,0.9998718235294116,0.9998599999999999
1643674538930682.0,0.999871,0.9998603043478261
1643674590712497.5,0.9998699999999999,0.9998609999999999
1643674665446647.5,0.9998683846153846,0.9998610769230769
1643674721505707.0,0.9998677916666666,0.9998602083333333
1643674774771244.0,0.9998668421052631,0.9998600000000001
1643674838453010.2,0.9998659285714285,0.99986
1643674908027107.2,0.9998648857142858,0.9998600857142858
1643674946037672.8,0.9998644090909091,0.999861
1643675021957336.0,0.999865,0.9998610769230769
1643675068240347.5,0.999865,0.9998621111111111
1643675135451437.0,0.9998650000000001,0.9998634166666666
1643675198777597.8,0.9998650000000001,0.999864
1643675251041453.8,0.9998714,0.9998647333333334
1643675317801293.5,0.999872,0.9998664285714286
1643675359986889.8,0.999876,0.9998671379310344
1643675448612797.2,0.9998759411764705,0.9998686764705882
1643675492684695.5,0.999875,0.9998691428571428
1643675556292398.5,0.999875,0.9998701904761905
1643675623566817.2,0.999875894736842,0.9998715789473684
1643675682970302.2,0.999877,0.9998733333333334
1643675722598473.2,0.9998770000000001,0.9998739999999999
1643675800712539.5,0.999877,0.999874
1643675856318275.0,0.9998763636363637,0.999874
1643675907737084.0,0.9998756,0.9998739999999999
1643675974771767.0,0.9998750000000001,0.999874
1643676031726098.5,0.999875,0.9998739999999999
1643676100918819.0,0.999875,0.999874
1643676140675063.0,0.9998749999999998,0.999874
1643676195922671.5,0.9998769999999999,0.999874542857143
1643676272216370.5,0.9998770000000001,0.999876
1643676320854411.8,0.999877,0.9998759999999999
1643676395981490.8,0.999877,0.999876
1643676449853220.0,0.999877,0.9998759999999999
1643676529387567.0,0.9998777692307693,0.9998760769230769
1643676564240709.0,0.9998781333333333,0.999877
1643676623798442.0,0.999878,0.999877
1643676703224593.2,0.9998780000000002,0.999877
1643676743989060.2,0.999878,0.999877
1643676813888417.5,0.999878,0.999877
1643676879718652.0,0.9998780000000002,0.999877
1643676936813049.8,0.9998780000000002,0.9998770000000001
1643676985336378.8,0.999878,0.999877
1643677044979385.8,0.999878,0.9998769999999999
1643677109761920.0,0.9998780000000002,0.999877
1643677173038996.5,0.999878,0.999877
1643677237201524.0,0.999878,0.999877
1643677300550251.5,0.9998780000000002,0.9998769999999999
1643677343767281.8,0.999878,0.999877
1643677411646993.0,0.9998780000000002,0.9998769999999999
1643677481399661.2,0.9998780000000002,0.9998770000000001
1643677528760598.0,0.9998749411764706,0.999865955882353
1643677585801449.2,0.999866125,0.9998585000000001
1643677664069177.5,0.999863,0.999859
1643677712380148.2,0.99986272,0.9998596399999999
1643677774372140.5,0.9998628695652173,0.9998611304347825
1643677835055224.5,0.9998671,0.9998618
1643677900228224.5,0.9998775500000001,0.9998633
1643677958107389.8,0.9998784545454545,0.9998640909090909
1643678013659451.5,0.9998719107142857,0.9998601785714286
1643678082369604.0,0.99987171875,0.9998593125
1643678134539795.2,0.9998695,0.9998592941176471
1643678195655312.8,0.9998677,0.9998596
1643678249182936.0,0.9998659583333334,0.9998599583333333
1643678306763781.0,0.9998647777777777,0.9998581481481481
1643678384942628.2,0.9998639393939392,0.9998602727272726
1643678419871608.8,0.9998638214285714,0.9998611071428571
1643678478995061.8,0.9998638571428572,0.9998592857142857
1643678563475699.2,0.999864,0.99986
1643678619885422.2,0.9998630357142856,0.99986
1643678655115220.2,0.9998627741935484,0.9998601612903225
1643678726413181.2,0.999863,0.9998619999999999
1643678804005370.8,0.9998630000000001,0.999862
1643678835933273.8,0.9998622857142857,0.9998473469387755
1643678912543903.8,0.9998746666666668,0.999860875
1643678975901686.2,0.9998779999999999,0.9998623529411764
1643679032787936.2,0.999878,0.9998630499999999
1643679096025508.5,0.99987725,0.9998596562500001
1643679137691631.5,0.9998773,0.9998602999999999
1643679215856228.0,0.9998770000000001,0.999861
1643679278043603.5,0.9998775714285715,0.999861
1643679325125026.2,0.9998780000000002,0.999861
1643679394817266.2,0.999878,0.9998615999999999
1643679452512437.2,0.9998779999999999,0.9998631764705882
1643679508345149.2,0.9998780000000002,0.9998636666666666
1643679557430480.0,0.9998771153846154,0.999863
1643679640656677.2,0.9998744117647059,0.9998630000000001
1643679684839433.8,0.9998736666666668,0.999863
1643679744788835.8,0.999873105263158,0.9998599473684211
1643679804518793.5,0.9998708181818181,0.9998598181818181
1643679867983205.2,0.9998692307692308,0.9998602307692307
1643679945287014.2,0.9998674090909091,0.9998598181818181
1643679996861493.0,0.999865947368421,0.9998594736842106
1643680062299387.5,0.9998649130434782,0.9998598695652174
1643680096080011.8,0.9998849245283019,0.9998623396226415
1643680166998023.5,0.9998869999999999,0.999865
1643680230877516.0,0.999887,0.999865
1643680285004833.2,0.999887,0.999865
1643680342151505.0,0.9998871578947368,0.999865
1643680418561542.0,0.999887,0.999865
1643680470292441.0,0.9998869999999999,0.9998661428571428
1643680542456116.5,0.999887,0.999867357142857
1643680591350685.2,0.9998870000000001,0.9998681111111111
1643680640536594.2,0.9998874090909091,0.9998690454545455
1643680715815096.5,0.999887,0.9998702631578947
1643680766625528.8,0.9998871,0.9998710333333333
1643680830062475.8,0.9998877058823529,0.9998793529411764
1643680898199278.0,0.9998872222222221,0.9998833333333335
1643680952433979.8,0.9998875333333334,0.9998842666666667
1643681010329247.2,0.9998874210526316,0.999885157894737
1643681076545540.5,0.999887,0.999886
1643681113334935.5,0.999887,0.999886
1643681181655926.8,0.9998877500000001,0.99988665
1643681259765809.8,0.999888,0.999887
1643681308419288.8,0.999888,0.999887
1643681374401953.0,0.999888,0.9998869999999999
1643681418586483.8,0.999888,0.999887
1643681494717775.0,0.999889,0.9998869999999999
1643681545117888.0,0.999889,0.999887
1643681597929432.2,0.9998885,0.9998861666666666
1643681671458973.8,0.999886023255814,0.9998589302325582
1643681729719715.8,0.9998838181818183,0.9998593181818183
1643681788913257.5,0.999882705882353,0.999859911764706
1643681857216022.2,0.9998816363636365,0.9998614545454546
1643681908870702.2,0.9998816666666666,0.9998613333333333
1643681962958306.5,0.9998805000000001,0.9998619
1643682027737848.0,0.9998878888888889,0.9998630000000001
1643682092151124.2,0.9998889090909091,0.9998653181818181
1643682149024731.2,0.9998891891891891,0.9998685405405406
1643682200534084.0,0.99989,0.9998889999999999
1643682248308144.2,0.9998900000000001,0.999889
1643682314666658.0,0.99989,0.9998890000000001
1643682396080052.0,0.9998900000000001,0.999889
1643682441952244.8,0.99989,0.999889
1643682493159079.8,0.9998900000000001,0.999889
1643682580962419.2,0.99989,0.999889
1643682628007382.5,0.99989,0.999889
1643682677935789.2,0.9998899999999998,0.9998889999999999
1643682740107703.5,0.9998900000000001,0.999889
1643682809980185.0,0.99989,0.999889
1643682859514520.5,0.9998900000000001,0.999889
1643682929730592.8,0.99989,0.9998889999999999
1643683003481079.0,0.9998900000000001,0.999889
1643683035729273.8,0.9998900000000001,0.999889
1643683102344456.2,0.99989,0.9998890000000001
1643683162147736.2,0.99989,0.9998889999999999
1643683214655344.8,0.99989,0.9998705714285714
1643683291729703.5,0.99989,0.9998649000000001
1643683339692093.0,0.99989,0.999889
1643683412964517.2,0.99989,0.9998890000000001
1643683467897514.5,0.99989,0.9998889999999999
1643683534540985.5,0.99989,0.999889
1643683596126073.2,0.9998900000000001,0.999889
1643683655251457.2,0.99989,0.999889
1643683715040318.8,0.99989,0.9998890000000001
1643683766286654.0,0.99989,0.9998889999999999
1643683824361596.2,0.99989,0.999889
1643683887044864.8,0.99989,0.999889
1643683942270157.5,0.99989,0.9998889999999999
1643684002167502.2,0.99989,0.999889
1643684061469498.0,0.9998900000000001,0.999889
1643684145580024.0,0.99989,0.9998890000000001
1643684197489156.5,0.99989,0.9998890000000001
1643684242962181.0,0.99989,0.999889
1643684320365066.8,0.9998900000000001,0.999889
1643684355886564.5,0.99989,0.9998889999999999
1643684423609062.5,0.99989,0.999889
1643684481746374.2,0.9998900000000001,0.999889
1643684560287283.8,0.99989,0.999889
1643684603517277.5,0.99989,0.999889
1643684676935815.2,0.99989,0.9998889999999999
1643684734192665.5,0.99989,0.9998889999999999
1643684774824759.2,0.9998900000000001,0.999889
1643684864615560.2,0.99989,0.999889
1643684914493091.2,0.99989,0.9998890000000001
1643684956284637.2,0.99989,0.999889
1643685024558004.5,0.99989,0.999889
1643685090501006.2,0.99989,0.9998890000000001
1643685144381133.8,0.9998900000000001,0.999889
1643685210988553.5,0.99989,0.9998889999999999
1643685251906286.8,0.99989,0.999889
1643685336374315.2,0.99989,0.9998889999999999
1643685383952357.2,0.99989,0.999889
1643685440340628.5,0.99989,0.9998890000000001
1643685517130450.8,0.99989,0.9998890000000001
1643685580638092.2,0.99989,0.999889
1643685624378633.8,0.9998900000000001,0.999889
1643685686818909.2,0.99989,0.9998873571428571
1643685748921683.8,0.99989,0.9998889999999999
1643685809749187.8,0.9998900000000001,0.999889
1643685866549510.5,0.99989,0.9998889999999999
1643685920909095.8,0.99989,0.999889
1643685979780352.8,0.9998900000000001,0.999889
1643686050073851.0,0.99989,0.9998889999999999
1643686108224673.8,0.9998900000000001,0.999889
1643686171716580.0,0.9998900000000001,0.999889
1643686234436732.5,0.99989,0.999889
1643686290596543.0,0.99989,0.999889
1643686359250019.2,0.99989,0.9998889999999999
1643686406638950.5,0.99989,0.999889
1643686466933881.8,0.99989,0.9998890000000001
1643686517719792.2,0.99989,0.9998889999999999
1643686586557747.0,0.99989,0.999889
1643686652476953.0,0.99989,0.999889
1643686722363959.0,0.9998900000000001,0.999889
1643686759015321.8,0.99989,0.999889
1643686821335328.5,0.9998900000000001,0.999889
1643686885942809.8,0.99989,0.999889
1643686949909234.5,0.9998900000000001,0.999889
1643687001059939.8,0.9998900000000001,0.999889
1643687067110491.0,0.99989,0.999889
1643687132763274.2,0.99989,0.9998837692307693
1643687188623354.8,0.99989,0.999889
1643687245141055.8,0.99989,0.999889
1643687302362275.8,0.99989,0.9998890000000001
1643687361966529.5,0.99989,0.9998889999999999
1643687429345494.8,0.99989,0.9998889999999999
1643687489190220.0,0.99989,0.9998854615384616
1643687553120229.0,0.9998900000000001,0.999889
1643687610377630.5,0.99989,0.999889
1643687673055204.5,0.9998900000000001,0.999889
1643687727440760.8,0.99989,0.999889
1643687800168561.0,0.9998895999999999,0.9998783333333333
1643687855273288.0,0.9998876875,0.999868625
1643687907491106.0,0.9998858095238096,0.9998695714285715
1643687974303805.0,0.9998790555555556,0.9998696666666667
1643688026603344.0,0.999876,0.9998684230769231
1643688097456850.5,0.9998735000000001,0.999868
1643688153236013.8,0.9998715555555555,0.9998679999999999
1643688207216843.8,0.9998703076923078,0.9998687692307692
1643688253569234.0,0.9998698333333333,0.9998685555555556
1643688323425624.8,0.9998699999999999,0.999869
1643688392243046.5,0.9998756799999999,0.99987016
1643688462999072.0,0.9998829444444445,0.9998737777777778
1643688526607528.5,0.9998878823529411,0.9998748823529411
1643688563284884.0,0.9998856578947368,0.9998750789473684
1643688647830137.0,0.9998872777777777,0.9998765555555555
1643688701613693.5,0.9998797441860465,0.9998708837209302
1643688760320275.8,0.9998718076923077,0.9998684999999999
1643688801429681.8,0.9998707589285714,0.9998688839285714
1643688889575931.0,0.9998708571428571,0.9998688571428571
1643688936845135.0,0.9998708695652173,0.9998690869565217
1643688985125682.0,0.99987096,0.99986936
1643689063463286.0,0.9998709259259259,0.9998693703703704
1643689098702873.2,0.9998708571428571,0.9998684761904761
1643689177015513.2,0.9998708333333334,0.9998690833333334
1643689223870409.5,0.999870846153846,0.9998690769230769
1643689285013945.8,0.9998708749999999,0.999869125
1643689341418058.0,0.999871,0.99987
1643689407516462.5,0.999871,0.9998700000000001
1643689472879508.0,0.9998709545454545,0.9998685454545455
1643689537438606.2,0.9998708846153845,0.9998683076923077
1643689584716185.5,0.999871,0.99987
1643689642019505.0,0.9998710000000001,0.99987
1643689711142344.8,0.999871,0.99987
1643689764421242.5,0.999871,0.9998699999999999
1643689827889106.2,0.999871,0.99987
1643689907665640.0,0.9998823333333333,0.99987
1643689941796034.5,0.999884,0.99987
1643690006296246.2,0.999884,0.9998700000000001
1643690088081544.8,0.9998857894736842,0.9998692105263158
1643690137931121.0,0.9998815625,0.999869
1643690191711055.5,0.9998784000000001,0.9998680999999999
1643690255038393.5,0.9998754545454546,0.999868
1643690316810585.5,0.9998734545454546,0.999868
1643690373088431.2,0.99987175,0.9998684375
1643690439693334.5,0.9998703333333334,0.999869
1643690494823633.0,0.999869888888889,0.9998686666666666
1643690555394271.8,0.99987,0.999869
1643690589839844.2,0.9998699999999999,0.999869
1643690673767624.8,0.99987,0.999869
1643690738418462.8,0.9998698947368421,0.9998686842105263
1643690796518269.2,0.999869,0.9998679999999999
1643690848564976.2,0.999869,0.999868
1643690904064446.0,0.999869,0.999868
1643690972970880.0,0.999869,0.9998679999999999
1643691028563974.5,0.999884294117647,0.9998692647058824
1643691105665679.8,0.999888,0.999871125
1643691151817981.0,0.9998868750000001,0.9998694166666667
1643691206594006.8,0.99988495,0.9998687
1643691269816158.2,0.9998838461538462,0.9998686923076924
1643691330185061.8,0.99988652,0.9998692
1643691394248143.5,0.999889,0.999871037037037
1643691463268672.5,0.999889,0.9998722222222222
1643691514303153.0,0.999889,0.999873125
1643691567237494.5,0.9998889999999999,0.999874052631579
1643691636041131.2,0.999887894736842,0.9998692631578948
1643691701187671.5,0.9998845625,0.9998681875
1643691744781149.2,0.9998840000000001,0.999869
1643691804413645.0,0.999884,0.999869
1643691878786890.2,0.99988825,0.9998692291666668
1643691943992684.0,0.9998889999999999,0.9998714999999999
1643691984950567.2,0.9998882631578947,0.9998721052631578
1643692066826403.8,0.999888,0.9998730909090909
1643692112848931.2,0.999888,0.999874
1643692168298251.8,0.999888,0.9998717333333332
1643692226154144.0,0.9998880000000001,0.9998681538461539
1643692287850690.5,0.999888,0.9998680999999999
1643692343245490.8,0.999888,0.999869
1643692411802342.0,0.9998872105263158,0.9998682105263157
1643692476506710.5,0.9998857272727274,0.999868
1643692527472786.5,0.9998849999999999,0.999869
1643692591392801.5,0.9998850000000001,0.999869
1643692657228351.8,0.9998849615384616,0.9998692307692308
1643692723057146.5,0.9998839090909091,0.99987
1643692769583458.8,0.999884,0.9998700000000001
1643692824596348.5,0.9998895217391304,0.9998710434782608
1643692889749767.2,0.9998880217391305,0.9998697391304348
1643692949894768.0,0.9998857187500001,0.99986815625
1643693012746472.8,0.9998848499999999,0.999869
1643693069969302.2,0.9998837948717949,0.9998686153846154
1643693132001487.2,0.9998828799999999,0.999869
1643693194917227.0,0.9998819666666667,0.999869
1643693255951002.5,0.9998808387096775,0.999869
1643693299056402.0,0.9998799117647058,0.9998687647058825
1643693368741352.8,0.9998789642857142,0.9998688571428571
1643693430494487.0,0.999878,0.9998691562500001
1643693492119360.2,0.999878,0.9998687741935484
1643693544225558.5,0.999878,0.999869
1643693608149166.8,0.9998876250000001,0.999869875
1643693673630478.2,0.999889,0.9998710588235293
1643693739406767.5,0.9998890857142858,0.9998724857142857
1643693801955132.5,0.9998890892857143,0.9998575714285715
1643693842952899.8,0.999885052631579,0.999867842105263
1643693910646951.5,0.99988,0.9998682857142857
1643693980394445.5,0.9998768125,0.9998686875
1643694038138645.2,0.9998745555555555,0.9998682777777778
1643694092252672.8,0.9998725555555557,0.9998679999999999
1643694152510997.5,0.9998726428571428,0.9998686428571428
1643694219890812.5,0.999873,0.999869
1643694260615022.2,0.9998725555555557,0.9998684444444444
1643694332663272.8,0.9998709,0.9998688
1643694392152622.0,0.9998720909090909,0.9998687272727274
1643694448151983.0,0.999877,0.9998708823529412
1643694500298642.2,0.999877,0.9998706363636363
1643694569856926.8,0.9998764444444446,0.9998717777777778
1643694628270366.5,0.9998748571428572,0.9998719285714286
1643694691641091.8,0.999877,0.9998744736842106
1643694747997987.0,0.9998780000000002,0.999877
1643694809396578.5,0.999878,0.999877
1643694859106050.8,0.999878,0.999877
1643694918035816.0,0.9998778333333335,0.9998690833333334
1643695001142208.0,0.9998765263157895,0.999869
1643695052767411.0,0.9998757692307692,0.9998696923076923
1643695105461988.0,0.9998759285714286,0.9998712142857142
1643695179338951.5,0.9998769411764705,0.9998745294117647
1643695228273261.2,0.999878,0.999877
1643695297421696.8,0.999878,0.999877
1643695365259604.8,0.9998780000000002,0.999877
1643695415320277.0,0.9998802307692307,0.9998773076923076
1643695474896145.5,0.9998836666666667,0.9998764666666666
1643695526907394.5,0.9998819000000001,0.9998756999999999
1643695598680570.0,0.99988075,0.999876
1643695657949328.8,0.9998797777777777,0.999876
1643695712820319.8,0.9998787368421054,0.9998762105263157
1643695774356299.0,0.999878,0.999877
1643695824201380.0,0.999878,0.999877
1643695869729321.8,0.9998775384615385,0.9998748205128205
1643695961432494.2,0.999875,0.9998739999999999
1643696013510248.5,0.999875,0.999874
1643696069925890.0,0.999875,0.999874
1643696134258886.5,0.9998749999999998,0.999874
1643696196165621.0,0.999875,0.9998739999999999
1643696238774827.0,0.999875,0.9998739999999999
1643696303258048.8,0.999875,0.999874
1643696371707391.8,0.999875,0.999874
1643696413741795.2,0.999875,0.999874
1643696496054388.5,0.999875,0.999874
1643696552936436.2,0.9998749999999998,0.999874
1643696602352489.5,0.999875,0.999874
1643696663595354.5,0.999875,0.999874
1643696724108380.0,0.999875,0.999874
1643696805783537.0,0.9998804210526315,0.9998742105263159
1643696852732090.5,0.9998868,0.9998763333333333
1643696918960253.8,0.999885,0.9998787777777777
1643696970207547.8,0.9998850000000001,0.9998794
1643697028893386.8,0.999885,0.9998798333333333
1643697096244105.2,0.9998850000000001,0.9998811
1643697139084067.0,0.9998843636363636,0.9998810000000001
1643697217185375.8,0.9998829444444444,0.9998755555555555
1643697276305319.2,0.9998816428571429,0.9998748571428572
1643697319427934.2,0.999881,0.999875
1643697376964024.0,0.999881,0.999875
1643697451990284.2,0.9998809999999999,0.9998754999999999
1643697519184973.5,0.9998810000000001,0.9998754545454546
1643697567893789.8,0.999881,0.99987556
1643697628456456.0,0.999880625,0.9998757500000001
1643697688456748.2,0.9998788947368421,0.9998768421052632
1643697749035312.5,0.9998779032258065,0.9998760967741935
1643697820624008.5,0.9998770000000001,0.9998758888888888
1643697878840769.8,0.999879052631579,0.9998761403508771
1643697936469142.0,0.999888,0.9998805199999999
1643697998682870.2,0.9998879333333334,0.9998816
1643698057646563.2,0.9998859677419355,0.999882935483871
1643698103963053.2,0.9998854285714286,0.9998836285714287
1643698171541741.2,0.9998851999999999,0.999884
1643698224989733.8,0.999885,0.999884
1643698300557582.0,0.9998861176470588,0.999884411764706
1643698355029752.5,0.9998870000000001,0.999886
1643698404941864.2,0.999887,0.999886
1643698476443906.2,0.999887,0.999886
1643698527932134.5,0.9998870000000001,0.999886
1643698587199110.5,0.999887,0.999886
1643698646775295.5,0.999887,0.999886
1643698708140088.2,0.999887,0.999886
1643698771810292.0,0.999887,0.9998859999999999
1643698832019046.5,0.9998870000000001,0.999886
1643698881343051.8,0.9998890606060605,0.9998871818181818
1643698952763159.5,0.9998890000000001,0.999888
1643699010235900.2,0.9998890000000001,0.999888
1643699066649103.0,0.999889,0.9998879999999999
1643699125960750.5,0.9998889999999999,0.999888
1643699197127535.8,0.999889,0.999888
1643699255815002.5,0.9998889999999999,0.999888
1643699304998598.5,0.999889,0.999888
1643699372683059.5,0.9998889999999999,0.999888
1643699423570952.8,0.9998890000000001,0.999888
1643699503899913.5,0.9998893055555556,0.9998880833333332
1643699543921632.0,0.99988955,0.99988805
1643699602508836.2,0.999889,0.999888
1643699674494211.2,0.9998890000000001,0.999888
1643699736442991.0,0.999889,0.999888
1643699799385561.5,0.999889,0.999888
1643699845504577.5,0.999889,0.999888
1643699911032154.8,0.999889,0.999888
1643699964889153.8,0.999889,0.999888
1643700009968573.2,0.9998895882352941,0.999888294117647
1643700080921740.0,0.99989,0.9998890000000001
1643700154104486.0,0.9998891034482758,0.9998808965517241
1643700220576024.5,0.999886875,0.999875875
1643700283267428.5,0.9998855,0.9998756249999999
1643700337619048.5,0.999884827586207,0.9998752758620689
1643700386764749.2,0.9998839615384616,0.9998759615384615
1643700446610332.0,0.9998829696969698,0.9998748181818181
1643700516946693.5,0.9998816111111112,0.9998757222222222
1643700578903237.0,0.99987975,0.999875
1643700642167329.8,0.9998787368421054,0.9998756315789474
1643700694033355.5,0.9998778125000001,0.9998755625
1643700764029053.2,0.9998764117647059,0.9998749705882352
1643700795945358.2,0.9998759999999999,0.999875
1643700865576117.2,0.999876,0.999875
1643700928009234.5,0.999876,0.9998750000000001
1643700992514032.5,0.9998759999999999,0.999875
1643701047758699.8,0.9998760000000001,0.999875
1643701104112372.0,0.9998760000000001,0.999875
1643701168086297.2,0.999876,0.999875
1643701233659717.0,0.9998759999999999,0.999875
1643701289550012.0,0.9998760000000001,0.999875
1643701337519251.2,0.999876,0.999875
1643701414610125.8,0.9998759999999999,0.999875
1643701474635192.8,0.999876,0.9998750000000001
1643701527655677.5,0.999876,0.999875
1643701590188984.2,0.999876,0.999875
1643701646322547.8,0.9998759999999999,0.999875
1643701725875096.0,0.999876,0.9998750000000001
1643701762590015.2,0.999876,0.999875
1643701819586931.2,0.999876,0.999875
1643701903122517.2,0.999876,0.999875
1643701953559642.5,0.9998760000000001,0.999875
1643702012408173.8,0.999876,0.999875
1643702063530830.2,0.9998756086956522,0.9998743913043479
1643702121411873.8,0.999875,0.999874
1643702189137671.5,0.999875,0.9998739999999999
1643702228090103.0,0.999875,0.999874
1643702322842492.8,0.9998935517241379,0.9998744137931035
1643702365506343.2,0.9998962857142857,0.9998748571428571
1643702431900458.2,0.999895,0.9998761111111111
1643702497685874.5,0.9998959,0.9998765000000001
1643702544007851.2,0.9998941428571428,0.9998775238095238
1643702612972327.0,0.9998900303030304,0.9998790303030304
1643702671801426.8,0.999887788888889,0.9998699000000001
1643702725579805.5,0.9998833055555555,0.9998746666666667
1643702788191561.8,0.9998811627906976,0.9998750232558139
1643702854097741.5,0.9998796,0.999875
1643702915328516.5,0.999877806451613,0.999875
1643702976916319.8,0.9998767391304347,0.9998750000000001
1643703037787447.0,0.999876,0.999875
1643703089534050.2,0.999876,0.999875
1643703138653514.0,0.9998794705882353,0.9998760588235295
1643703213313213.2,0.999879,0.999878
1643703267138739.0,0.999879,0.999878
1643703333351997.5,0.999879,0.999878
1643703378343592.2,0.999879,0.999878
1643703440897099.0,0.9998788125,0.9998755625
1643703506870931.2,0.999879,0.999875
1643703569460999.5,0.9998770769230769,0.999875
1643703622965922.5,0.99987564,0.9998742800000001
1643703698722620.0,0.9998749999999998,0.999874
1643703753499583.0,0.999875,0.9998739999999999
1643703809701599.0,0.999875,0.9998739999999999
1643703885011144.8,0.999875,0.9998739999999999
1643703932321139.0,0.999875,0.9998739999999999
1643703981498716.5,0.9998750000000001,0.999874
1643704054075670.2,0.999875,0.9998740000000002
1643704113094932.2,0.9998750000000001,0.999874
1643704152997939.5,0.999875,0.9998739999999999
1643704225621201.8,0.9998749999999998,0.999874
1643704289365231.0,0.9998750000000001,0.999874
1643704354609917.5,0.999875,0.999874
1643704414330982.5,0.9998762413793103,0.9998746551724138
1643704470468624.2,0.999876,0.9998746153846153
1643704514100704.0,0.9998753043478261,0.9998614782608696
1643704590036452.5,0.999875,0.999874
1643704656295185.5,0.999875,0.9998739999999999
1643704708921563.0,0.9998750000000001,0.999874
1643704766915185.8,0.999875,0.9998739999999999
1643704831232287.5,0.999875,0.999874
1643704888507061.0,0.999875,0.9998739999999999
1643704943234175.5,0.999875,0.999874
1643705025045543.0,0.999875,0.999874
1643705053829746.0,0.999875,0.999874
1643705133749172.0,0.999875,0.999874
1643705199185079.8,0.999875,0.999874
1643705256825161.2,0.999875,0.9998740000000002
1643705306727060.5,0.999875,0.999874
1643705369958591.2,0.9998749999999998,0.9998740000000002
1643705426332521.8,0.999875,0.9998739999999999
1643705484799363.8,0.999875,0.999874
1643705557336858.8,0.9998750714285715,0.999874
1643705609957905.8,0.999875,0.999874
1643705667393680.0,0.999875,0.9998739999999999
1643705719696475.0,0.999875,0.9998739999999999
1643705788761597.8,0.999875,0.999874
1643705848567369.2,0.999875,0.9998739999999999
1643705908339686.5,0.999875,0.999874
1643705978657350.2,0.999875,0.999874
1643706043150106.0,0.999875,0.999874
1643706096660573.0,0.999875,0.999874
1643706150778386.5,0.9998749999999998,0.999874
1643706206584954.5,0.999875,0.999874
1643706273103053.2,0.999875,0.9998739999999999
1643706320006599.5,0.999875,0.999874
1643706389592022.0,0.9998750000000001,0.999874
1643706450651193.5,0.999875,0.999874
1643706500725093.0,0.9998749999999998,0.999874
1643706562532036.5,0.999875,0.999874
1643706650341674.5,0.999875,0.999874
1643706689145772.5,0.999875,0.999874
1643706746841449.0,0.999875,0.9998739999999999
1643706794871968.2,0.999875,0.999874
1643706870889867.5,0.999875,0.9998739999999999
1643706931109888.8,0.999875,0.9998722000000001
1643706996392243.8,0.999875,0.999874
1643707041005576.8,0.999875,0.999874
1643707130997676.0,0.999875,0.999874
1643707170808846.0,0.999875,0.999874
1643707226066747.5,0.999875,0.9998739999999999
1643707289077539.8,0.999875,0.999874
1643707352957818.8,0.999875,0.999874
1643707415530787.0,0.999875,0.9998739999999999
1643707465909994.8,0.999875,0.999874
1643707531134497.0,0.9998752352941177,0.9998741176470588
1643707597965916.0,0.9998759999999999,0.999875
1643707646330859.5,0.999876,0.999875
1643707693820972.5,0.9998759999999999,0.999875
1643707771697250.2,0.9998751874999999,0.9998553125
1643707828783588.0,0.9998732857142857,0.9998540714285714
1643707888986326.2,0.9998699782608697,0.999850347826087
1643707956257414.5,0.9998677272727273,0.9998540454545455
1643708009805480.2,0.999867,0.9998546153846154
1643708064032874.5,0.9998666923076923,0.9998543846153847
1643708139388710.5,0.9998694999999999,0.9998555000000001
1643708211856459.2,0.9998708000000001,0.9998576
1643708247946847.2,0.9998699999999999,0.999858
1643708322657924.0,0.9998698000000001,0.9998559
1643708365607226.2,0.999869,0.999854
1643708416683701.2,0.999869,0.999854
1643708476700054.2,0.9998781538461539,0.999854923076923
1643708550231993.5,0.9998817368421052,0.9998572105263158
1643708623841764.2,0.9998827222222223,0.9998583055555557
1643708660230782.8,0.9998826666666667,0.999859
1643708729673159.5,0.999880375,0.999859
1643708794369650.2,0.9998792142857142,0.999859
1643708844464991.8,0.9998783333333333,0.9998590000000002
1643708910124501.2,0.9998769,0.999859
1643708974461928.5,0.9998739523809524,0.9998559047619049
1643709036189617.2,0.9998704615384615,0.9998539999999999
1643709102375069.0,0.9998682727272726,0.9998540000000001
1643709153689785.0,0.9998665,0.999854
1643709212985406.8,0.9998651904761905,0.999854761904762
1643709259715628.0,0.9998766315789474,0.9998561578947369
1643709333927094.5,0.99988325,0.9998582500000001
1643709391938195.0,0.9998838333333334,0.9998592083333334
1643709456652258.0,0.99988325,0.9998602499999999
1643709526533374.2,0.9998825454545455,0.9998614545454546
1643709573917594.0,0.9998825,0.9998620833333334
1643709639989397.5,0.999882090909091,0.9998632727272727
1643709697099480.5,0.999882,0.9998640624999999
1643709748576425.2,0.999882,0.999866
1643709817312574.8,0.999882,0.9998672631578948
1643709878327443.8,0.999882,0.9998680769230769
1643709932826751.5,0.999882,0.9998692222222222
1643709992060101.5,0.999882,0.9998700625
1643710058612128.5,0.9998816206896552,0.9998658620689654
1643710115910561.0,0.99987975,0.999854
1643710175760838.0,0.9998782380952381,0.9998548571428572
1643710235900352.0,0.9998754705882353,0.999854
1643710303993115.5,0.9998743913043479,0.9998549130434783
1643710352158239.5,0.9998738421052632,0.9998549999999999
1643710420866021.8,0.9998727647058824,0.9998549999999999
1643710467218459.0,0.999872,0.999855
1643710520986451.0,0.999872,0.999855
1643710594237680.5,0.9998720000000001,0.9998544736842105
1643710660108494.0,0.999872,0.999858875
1643710711305201.2,0.999872,0.9998590000000002
1643710780632711.0,0.99987175,0.9998590000000002
1643710818772408.2,0.9998823,0.9998602999999999
1643710893942608.0,0.9998835714285714,0.9998630714285713
1643710951082179.8,0.9998831199999999,0.9998644400000001
1643711015215381.0,0.999883,0.9998651111111112
1643711075096415.8,0.9998835714285714,0.9998662142857143
1643711128142921.8,0.999883,0.99986725
1643711190231495.8,0.999883,0.9998680833333333
1643711267141318.5,0.999883125,0.9998709375
1643711309308900.0,0.9998837,0.9998713
1643711373102542.8,0.999883,0.9998718571428571
1643711425382600.0,0.9998844285714286,0.9998731428571429
1643711492190672.5,0.9998849999999999,0.9998743157894737
1643711556468688.8,0.9998849999999999,0.9998752631578948
1643711610490640.2,0.999885,0.9998759047619048
1643711685854735.2,0.9998849565217391,0.9998760869565217
1643711734607389.0,0.999884,0.99987715
1643711803953269.8,0.999884,0.9998783333333334
1643711852670122.0,0.9998852962962963,0.9998792962962963
1643711914792119.2,0.9998852608695653,0.9998810434782609
1643711968324484.8,0.999885,0.9998820625
1643712027426248.5,0.999885,0.9998831111111111
1643712099920317.2,0.999885,0.9998840000000001
1643712161212235.5,0.9998850000000001,0.999884
1643712209409779.0,0.999885,0.999884
1643712257506361.0,0.999885,0.999884
1643712328263654.2,0.999885,0.999884
1643712396116953.8,0.999885,0.999884
1643712447261171.0,0.999885,0.9998840000000001
1643712521181653.8,0.999885,0.9998839999999999
1643712571866900.5,0.9998850000000001,0.999884
1643712629641456.8,0.999885,0.9998839999999999
1643712698094744.0,0.9998845769230769,0.9998744615384615
1643712756362300.5,0.9998826153846154,0.999859
1643712820438797.8,0.9998819285714287,0.999859
1643712874574562.0,0.999880705882353,0.999859
1643712933422025.8,0.9998799230769231,0.999859
1643712981985360.8,0.9998926578947369,0.9998600526315791
1643713054784393.5,0.9998941333333333,0.9998636666666666
1643713104646105.0,0.9998923076923076,0.999864
1643713160050117.8,0.999892,0.999864
1643713238288566.8,0.999892,0.999864
1643713287682723.5,0.999892,0.999864
1643713357011375.8,0.9998905714285714,0.999864
1643713413229969.0,0.9998890833333333,0.999864
1643713472821517.5,0.999888,0.9998647999999999
1643713532475000.2,0.999888,0.9998661764705882
1643713597726789.5,0.999888,0.99986725
1643713669633796.0,0.9998890857142858,0.9998687142857142
1643713709510060.8,0.9998947499999999,0.9998703125
1643713771536676.0,0.9998929166666667,0.999871125
1643713826163732.5,0.999892,0.9998720499999999
1643713888798993.8,0.9998915555555556,0.9998731666666667
1643713962423135.8,0.9998913076923077,0.999874
1643714019934435.5,0.9998915,0.9998739999999999
1643714064322519.0,0.999892,0.999874
1643714124832000.2,0.9998918510638298,0.9998748723404255
1643714196921044.0,0.9998917272727272,0.9998663939393939
1643714237156159.5,0.99989,0.9998649523809523
1643714316812170.5,0.9998864615384615,0.9998640769230769
1643714368140837.0,0.9998844,0.999864
1643714432879957.8,0.9998823846153846,0.999864
1643714491376328.2,0.9998805454545454,0.9998640000000001
1643714559129544.8,0.9998783333333333,0.999864
1643714622354803.2,0.9998761999999999,0.999864
1643714680753435.8,0.9998742142857143,0.999864
1643714733210613.0,0.999873125,0.9998644375
1643714801554429.0,0.9998703333333333,0.99985925
1643714850840524.8,0.9998695714285715,0.999858
1643714903864517.8,0.9998688461538462,0.9998587692307693
1643714991203270.5,0.9998674090909091,0.9998588636363638
1643715024042826.8,0.999866,0.9998583157894737
1643715086167374.5,0.999864625,0.999859
1643715160064948.2,0.9998625454545454,0.999859
1643715212807794.2,0.9998608571428571,0.9998592142857143
1643715263071308.0,0.9998593636363636,0.9998581818181819
1643715324751900.0,0.999859,0.999858
1643715378873957.0,0.9998590000000002,0.999858
1643715442503157.5,0.999859,0.999858
1643715502820919.5,0.9998590000000002,0.9998580000000001
1643715579519019.8,0.999859,0.999858
1643715623352332.0,0.999859,0.999858
1643715686082897.2,0.999859,0.999858
1643715769021978.8,0.9998590000000002,0.9998580000000001
1643715818738734.2,0.999859,0.999858
1643715862513779.2,0.9998926842105264,0.9998595789473684
1643715941276546.8,0.9998939130434783,0.9998612173913044
1643716010122706.8,0.999894,0.9998625
1643716051551446.0,0.9998942857142856,0.9998630714285713
1643716121029526.8,0.999894,0.9998641428571428
1643716172136373.5,0.999894,0.9998652380952381
1643716224979987.5,0.9998935142857144,0.9998653428571428
1643716288944803.8,0.9998929333333334,0.9998660666666667
1643716351000024.2,0.9998919230769231,0.999866
1643716413088769.2,0.9998892500000001,0.99985815
1643716474119619.0,0.9998879523809524,0.9998589047619049
1643716522302756.0,0.9998869545454544,0.9998587727272727
1643716590520992.5,0.9998859047619049,0.9998584761904762
1643716653652981.5,0.9998849565217391,0.999857652173913
1643716713876718.2,0.999879894736842,0.9998584210526317
1643716772155330.2,0.9998829333333333,0.9998586
1643716814700460.8,0.999882,0.9998583333333334
1643716875631869.8,0.999882,0.9998586666666668
1643716955782485.5,0.9998818620689656,0.999859
1643717019012009.2,0.9998808461538461,0.999859
1643717076587239.5,0.9998794999999999,0.9998587777777779
1643717143453792.0,0.9998787333333332,0.9998582
1643717191705016.5,0.9998778620689656,0.9998583448275863
1643717253982854.0,0.9998832500000001,0.99985955
1643717315675481.5,0.9998842631578947,0.999861052631579
1643717373718210.5,0.999884,0.9998622173913043
1643717436399400.0,0.999884,0.9998633
1643717499639899.0,0.9998840000000001,0.9998641249999999
1643717554379774.2,0.999884,0.9998651379310345
1643717612047345.8,0.9998835714285714,0.9998651785714285
1643717676338217.0,0.999883,0.999866052631579
1643717736963473.8,0.999883,0.9998671666666668
1643717799636931.2,0.999883,0.99986825
1643717856792803.8,0.9998836976744186,0.9998690697674419
1643717919957447.8,0.9998845294117648,0.9998703529411765
1643717976874134.8,0.999885,0.9998711874999999
1643718020958136.2,0.9998851071428572,0.9998633214285714
1643718087461524.8,0.9998839565217391,0.999859
1643718158163882.5,0.9998828,0.9998593
1643718218406844.2,0.9998814687500001,0.999866
1643718277968445.2,0.99988085,0.9998660000000001
1643718337869569.5,0.9998796666666667,0.999866
1643718395174687.0,0.9998788695652173,0.999866
1643718457826638.0,0.99987784,0.9998660000000001
1643718516292388.0,0.9998767499999999,0.9998657500000001
1643718571792933.8,0.9998759285714286,0.9998659285714285
1643718637502140.0,0.9998747083333334,0.999866
1643718695260229.5,0.9998737878787879,0.999866
1643718758123344.5,0.9998726764705883,0.9998659999999999
1643718825144957.8,0.999871705882353,0.9998659999999999
1643718873595462.0,0.9998709285714286,0.9998659047619048
1643718924008902.2,0.99987,0.9998658181818182
1643718981702343.0,0.9998700000000001,0.9998659999999999
1643719043936566.5,0.9998690571428572,0.9998660000000001
1643719108707747.5,0.9998678157894737,0.9998641842105263
1643719164008811.0,0.9998669999999998,0.9998657777777777
1643719249400177.8,0.999867,0.999866
1643719285342549.2,0.999867,0.999866
1643719354223182.0,0.999867,0.999866
1643719418378234.0,0.999867,0.999866
1643719478838384.0,0.999867,0.999866
1643719531610995.2,0.999867,0.999866
1643719585250165.5,0.999867,0.9998660000000001
1643719660666426.8,0.999867,0.999866
1643719713864071.2,0.9998669999999998,0.999866
1643719763228090.8,0.9998667499999999,0.9998655833333334
1643719833617380.8,0.999866,0.999865
1643719888636315.8,0.999866,0.9998649999999999
1643719948718435.5,0.9998660000000001,0.999865
1643720007240883.0,0.999866,0.9998649999999999
1643720052526728.2,0.999866,0.9998619230769231
1643720130374962.0,0.999866,0.9998650000000001
1643720184732013.2,0.999866,0.999865
1643720252159144.0,0.999866,0.9998649999999999
1643720312913427.5,0.999866,0.999865
1643720384866481.0,0.9998728888888889,0.9998650740740741
1643720426721576.0,0.999889,0.9998654166666667
1643720499099169.2,0.9998886944444444,0.99986625
1643720555522895.8,0.9998826857142857,0.9998666285714285
1643720614026471.8,0.9998698695652174,0.9998657391304349
1643720672620135.8,0.9998687647058825,0.9998659999999999
1643720725380861.0,0.9998679545454544,0.9998655454545454
1643720796492050.5,0.9998668846153845,0.9998656538461539
1643720850440804.0,0.999866,0.9998649999999999
1643720910195435.5,0.999866,0.999865
1643720964089099.8,0.999866,0.9998649999999999
1643721030223539.8,0.999866,0.9998649999999999
1643721095184299.8,0.999866,0.999865
1643721146420288.8,0.999866,0.9998650000000001
1643721208256750.8,0.9998659999999999,0.999865
1643721256931720.5,0.9998660000000001,0.999865
1643721328743941.0,0.999884,0.9998663055555556
1643721392107174.5,0.9998892608695652,0.9998652608695653
1643721454755877.8,0.9998863636363636,0.9998649999999999
1643721512106417.5,0.9998844375,0.999865
1643721582465056.0,0.9998824117647058,0.9998654117647059
1643721635857881.8,0.9998812571428571,0.9998625714285715
1643721687717684.5,0.9998796470588235,0.9998654117647059
1643721752774846.5,0.99988,0.9998659999999999
1643721798427427.2,0.9998799999999999,0.9998660000000001
1643721869544223.0,0.9998794499999999,0.9998660000000001
1643721941276655.0,0.9998775294117648,0.9998659999999999
1643721988964877.2,0.99987690625,0.9998659375000001
1643722050172829.8,0.9998758076923077,0.9998658461538461
1643722114152502.5,0.999874909090909,0.9998658181818182
1643722170092336.0,0.9998741428571429,0.9998654857142857
1643722223946751.8,0.9998738823529413,0.9998659999999999
1643722291679043.2,0.999874,0.9998666666666668
1643722359705861.8,0.999874,0.9998693636363637
1643722415729544.2,0.9998739166666667,0.9998703333333333
1643722472267224.5,0.9998739999999999,0.9998711
1643722541414569.2,0.9998851666666666,0.9998720277777777
1643722595502613.5,0.9998886363636363,0.9998696363636362
1643722646171268.0,0.9998843125,0.999868
1643722720578466.0,0.9998827,0.9998687
1643722766047493.8,0.9998809047619048,0.999868380952381
1643722834695099.2,0.9998787333333333,0.999868
1643722905403314.5,0.9998763500000001,0.999868
1643722953898278.0,0.9998869642857143,0.9998692499999999
1643723026237328.0,0.9998900000000001,0.9998716666666667
1643723075201376.0,0.9998923181818182,0.9998721363636364
1643723132494170.5,0.9998920000000001,0.9998732
1643723190533964.2,0.9998919999999999,0.9998739999999999
1643723244480233.8,0.9998920000000001,0.999874
1643723295702707.2,0.9998917878787879,0.9998740000000002
1643723375861048.5,0.9998907857142857,0.999874
1643723421543382.0,0.9998840434782609,0.999874
1643723480872399.0,0.9998788863636363,0.9998634772727272
1643723552192945.2,0.9998736153846154,0.9998636538461538
1643723606644028.8,0.9998726363636364,0.9998688181818182
1643723664040141.2,0.9998706923076923,0.9998682307692307
1643723729838803.2,0.9998699375000001,0.9998641875
1643723786207892.5,0.9998696190476191,0.9998617142857142
1643723850761633.2,0.9998686666666666,0.9998562666666667
1643723907745477.5,0.9998690000000001,0.999868
1643723974448775.2,0.999869,0.9998656896551724
1643724027258083.5,0.999869,0.999868
1643724092232611.2,0.9998689999999999,0.9998679999999999
1643724151387105.0,0.999869,0.9998679999999999
1643724200194376.0,0.9998852045454545,0.9998690909090908
1643724284095205.8,0.9998856551724138,0.9998695517241378
1643724334525298.5,0.9998784545454545,0.999868
1643724369975960.8,0.999874551724138,0.9998635862068966
1643724452543749.8,0.999869,0.999868
1643724514504376.2,0.999869,0.999868
1643724569533808.5,0.999869,0.999868
1643724624788787.0,0.999869,0.999868
1643724686319949.8,0.999869,0.999868
1643724750388296.0,0.999869,0.999868
1643724815325399.0,0.999869,0.999868
1643724862250623.0,0.9998689999999999,0.999868
1643724941370707.2,0.9998682592592593,0.9998580740740741
1643724986411925.5,0.9998657647058823,0.9998460588235294
1643725052066511.5,0.9998637,0.999846
1643725113538895.2,0.9998628064516129,0.999846
1643725177291828.2,0.99986176,0.999846
1643725239828246.2,0.9998607727272727,0.9998459999999999
1643725291929030.2,0.9998597916666667,0.9998460000000001
1643725352129481.8,0.9998589473684212,0.9998455263157894
1643725417402551.2,0.9998577727272727,0.9998430454545454
1643725475281247.0,0.999855909090909,0.9998425909090909
1643725534296729.0,0.9998544545454546,0.9998425454545454
1643725592561146.8,0.9998538292682928,0.9998428780487805
1643725643867148.2,0.999853,0.9998426315789474
1643725705846721.8,0.999851875,0.999843
1643725778756699.2,0.9998439999999998,0.999843
1643725829052918.5,0.9998440000000001,0.999843
1643725892964025.5,0.999844,0.999843
1643725948803364.5,0.9998440000000001,0.999843
1643725996982288.0,0.9998430416666667,0.99984175
1643726075972582.2,0.999842,0.999841
1643726121780745.8,0.999842,0.999841
1643726188392318.0,0.999842,0.999841
1643726253352045.0,0.999842,0.999841
1643726312704295.0,0.9998422222222223,0.999841
1643726368151388.5,0.9998567272727272,0.9998425151515151
1643726419216358.5,0.9998630689655172,0.9998441379310345
1643726491851196.8,0.99986205,0.9998439999999998
1643726554910091.5,0.9998618571428571,0.9998440000000001
1643726629707496.8,0.999876125,0.999844482142857
1643726684152469.8,0.9998563333333333,0.9998480833333333
1643726736514733.8,0.9998792413793103,0.9998488965517242
1643726791958908.8,0.9998949999999999,0.9998521764705882
1643726861807868.5,0.9998949999999999,0.9998536470588235
1643726919172892.0,0.999895,0.9998544444444444
1643726977246851.2,0.9998870208333334,0.9998552291666667
1643727035523439.0,0.999876,0.9998564444444445
1643727095655387.2,0.9998881764705883,0.9998578235294117
1643727147050464.5,0.9998819137931034,0.9998430172413794
1643727213840912.8,0.9998517272727273,0.9998413181818182
1643727283390454.5,0.9998509714285715,0.999842
1643727336405016.8,0.999851,0.9998429999999999
1643727398888912.5,0.9998510000000002,0.9998432142857142
1643727447500516.2,0.9998502857142857,0.9998440000000001
1643727514284854.2,0.9998486666666666,0.999844
1643727562083109.2,0.9998489166666666,0.999844
1643727632685885.8,0.9998638571428572,0.9998449795918367
1643727697412687.5,0.999869,0.9998485625
1643727757551837.0,0.9998690000000001,0.9998502307692309
1643727811564284.5,0.99987265,0.9998511999999999
1643727870549345.8,0.9998787777777778,0.9998528148148148
1643727935003886.5,0.9998766545454545,0.9998442363636364
1643727979277091.2,0.9998730196078431,0.9998393921568627
1643728060233526.0,0.9998701999999999,0.9998410999999999
1643728099199839.0,0.9998678285714285,0.9998307428571428
1643728178494078.0,0.9998642173913044,0.9998297391304348
1643728233970563.8,0.9998624545454546,0.999841
1643728304904558.5,0.9998617272727273,0.999841
1643728355624673.0,0.9998607083333333,0.9998354583333334
1643728413193253.8,0.9998596666666666,0.999842
1643728475457585.0,0.9998607096774194,0.9998447096774193
1643728544043520.5,0.9998618421052633,0.9998491052631578
1643728591062323.8,0.999862,0.9998513846153846
1643728657976002.8,0.9998604583333334,0.9998439583333333
1643728697620307.5,0.9998647419354838,0.9998412580645162
1643728761858468.8,0.999868,0.9998414999999999
1643728836689944.2,0.999868,0.9998432
1643728893628051.2,0.999868,0.999844037037037
1643728950761508.8,0.9998680322580645,0.9998450161290323
1643729013046843.2,0.999868,0.9998461428571429
1643729064360516.5,0.9998679999999999,0.9998463888888889
1643729124359336.2,0.999868,0.999846
1643729190833035.0,0.9998679999999999,0.999846
1643729269031981.8,0.999868,0.9998459999999999
1643729307836589.0,0.999868,0.9998463999999999
1643729374019887.5,0.999868,0.9998483333333332
1643729425748164.0,0.9998679999999999,0.9998490857142857
1643729485989498.2,0.9998684117647059,0.9998501764705883
1643729551611634.2,0.9998687666666667,0.9998512666666667
1643729606360461.0,0.9998683947368421,0.9998520526315788
1643729673386224.8,0.9998679999999999,0.9998530555555555
1643729729474784.2,0.9998680000000001,0.9998541842105263
1643729788216692.5,0.9998679199999999,0.99985462
1643729858115231.8,0.999867,0.9998540000000001
1643729912576028.0,0.999865705882353,0.999854
1643729978055903.8,0.999864818181818,0.9998481818181818
1643730027082135.2,0.99986385,0.9998440499999999
1643730086010677.0,0.9998628749999999,0.999844
1643730152501583.8,0.9998564482758622,0.9998433793103448
1643730213469365.0,0.999862,0.999844
1643730261040307.8,0.9998620000000001,0.999844
1643730314925830.5,0.9998710322580645,0.9998450322580645
1643730388578380.5,0.999873625,0.9998473125
1643730457389600.2,0.9998734285714287,0.999848
1643730510837549.2,0.999873,0.999848
1643730572645987.2,0.9998729999999999,0.999848
1643730632330586.5,0.9998731891891892,0.9998486756756756
1643730678772931.2,0.9998778947368421,0.9998502368421053
1643730745551701.0,0.9998837894736843,0.9998519999999999
1643730806646851.5,0.999877511111111,0.9998429555555556
1643730869413880.2,0.99987175,0.9998423571428571
1643730923751163.5,0.9998713571428571,0.999843
1643730979258259.2,0.9998835357142858,0.999843
1643731046476404.0,0.9998834285714285,0.9998438
1643731113037975.8,0.9998808484848485,0.9998426060606059
1643731175074137.2,0.9998786666666667,0.999842
1643731235181550.5,0.999878,0.9998421860465116
1643731288591051.2,0.999878,0.9998430666666667
1643731354376029.8,0.9998821481481482,0.999843
1643731419615568.5,0.9998841481481482,0.9998686296296296
1643731481735847.8,0.999884,0.9998805
1643731526729575.8,0.9998832926829269,0.9998788048780487
1643731599565557.2,0.9998817692307693,0.9998787948717948
1643731651111061.5,0.9998809333333334,0.999879
1643731711520669.2,0.9998800000000001,0.999879
1643731776195151.0,0.99988,0.999879
1643731827013416.0,0.99988,0.999879
1643731885347863.8,0.99988390625,0.999879296875
1643731954467506.2,0.9998828,0.999879
1643732008731873.5,0.9998819130434783,0.9998794130434783
1643732073092004.8,0.9998907625,0.999879
1643732119168815.2,0.999899,0.999881
1643732186822427.5,0.9998992926829269,0.9998816341463416
1643732260883737.5,0.9998991363636364,0.9998834090909091
1643732301410087.2,0.9998994545454546,0.9998834545454546
1643732376822591.2,0.999899,0.9998833181818182
1643732422215177.2,0.999899,0.999883375
1643732487181898.5,0.9998982608695652,0.9998829999999999
1643732549738489.0,0.9998958181818182,0.9998830000000001
1643732605837263.2,0.9998938409090908,0.9998788636363636
1643732669367302.0,0.9998929999999999,0.999879
1643732716281743.0,0.9998929999999999,0.9998796470588235
1643732803280831.8,0.9998929999999999,0.9998801111111111
1643732858330468.8,0.99989452,0.9998813599999999
1643732916119189.2,0.999895,0.9998822380952381
1643732982557065.5,0.9998946923076922,0.9998782564102564
1643733032182784.8,0.9998937916666666,0.9998789583333333
1643733092335456.2,0.9998929032258065,0.999879
1643733156480582.0,0.99989175,0.999879
1643733206565075.0,0.9998908979591836,0.999878918367347
1643733274584809.5,0.9998897826086955,0.9998786521739129
1643733324698062.8,0.9998917142857142,0.9998790571428572
1643733394949623.8,0.9998950000000001,0.99988055
1643733453683177.8,0.999895,0.9998821875
1643733517024613.2,0.999895,0.9998830833333333
1643733560071384.8,0.9998985957446808,0.9998838936170212
1643733621559552.8,0.9998999130434783,0.999884304347826
1643733687232046.5,0.999901,0.9998858928571429
1643733745251128.8,0.9998981111111109,0.999886
1643733807448064.5,0.9998972307692308,0.9998798974358974
1643733855456558.5,0.999895552631579,0.9998785526315789
1643733933931421.5,0.9998931290322581,0.999875870967742
1643733989833069.2,0.9998916666666666,0.9998787142857143
1643734048495306.0,0.9998909210526316,0.9998787894736841
1643734121029270.0,0.9998896842105263,0.999879
1643734176526241.8,0.9998874583333334,0.9998638333333334
1643734238236360.2,0.999886947368421,0.9998693684210526
1643734283051080.0,0.9998961666666666,0.9998714
1643734363735617.2,0.9999017096774194,0.9998739677419356
1643734412337816.0,0.9999080416666667,0.9998752916666667
1643734468937246.5,0.9999048260869566,0.9998772608695653
1643734540888681.5,0.9999041923076923,0.9998786538461538
1643734597809028.0,0.9999083191489362,0.9998792127659575
1643734642871272.2,0.9998978979591836,0.9998748571428572
1643734712227920.0,0.9998784583333333,0.9998694166666667
1643734772556455.2,0.9998765116279069,0.9998684186046513
1643734831787025.2,0.9998821999999999,0.99987008
1643734892021904.8,0.9998758333333333,0.99987
1643734941153074.0,0.9998772372881356,0.999870186440678
1643735008056302.0,0.9998739999999999,0.9998710714285715
1643735078716185.0,0.9998712399999999,0.9998699600000001
1643735134702327.5,0.99987,0.9998690000000001
1643735194007400.2,0.99987,0.999869
1643735251594109.8,0.9998700000000001,0.999869
1643735313211364.5,0.9998700000000001,0.9998689999999999
1643735372467557.0,0.99988248,0.9998692800000001
1643735433969233.2,0.9999080857142857,0.9998712
1643735486784706.8,0.9999095714285714,0.9998918571428571
1643735550869749.0,0.9999091454545453,0.9998734545454545
1643735613270250.0,0.9999072380952382,0.9998734285714286
1643735667153335.2,0.9999034375,0.9998751874999999
1643735737010639.2,0.99990446875,0.9998761875
1643735798324065.5,0.9999061081081082,0.9998685675675676
1643735861689021.0,0.9999035416666667,0.99987
1643735910586679.2,0.9999020714285713,0.9998694285714286
1643735961872667.0,0.9999008620689656,0.9998702413793104
1643736031393115.5,0.999901,0.999869642857143
1643736100324792.2,0.9998994130434783,0.9998699782608697
1643736156373541.8,0.9998978928571428,0.9998693571428572
1643736207644082.0,0.999897,0.9998699999999999
1643736265101851.8,0.999897,0.9998703461538461
1643736331981292.2,0.9998969750000001,0.999870475
1643736390747348.8,0.9998959142857143,0.9998694571428572
1643736454093004.0,0.999892803030303,0.9998497121212122
1643736511666521.5,0.9998888666666667,0.9998691777777777
1643736576936353.0,0.9998863333333333,0.999869
1643736634644194.5,0.9998884347826086,0.999870347826087
1643736690737265.0,0.99988928125,0.99987209375
1643736754650582.2,0.999889,0.9998731666666667
1643736816955347.8,0.999888274509804,0.9998578039215686
1643736874163357.8,0.9998847692307693,0.9998690000000001
1643736941203358.5,0.9998824666666667,0.9998694
1643736995833050.5,0.9998816923076923,0.99987
1643737051048138.0,0.999879,0.9998692105263158
1643737113500245.0,0.9998763125,0.9998693750000001
1643737177194218.0,0.9998778684210526,0.999869947368421
1643737243192791.2,0.9998769090909092,0.99987
1643737291656196.0,0.9998757878787877,0.9998696363636365
1643737348620098.5,0.999875,0.99987028
1643737398309591.5,0.999875,0.999871
1643737470196793.0,0.9998743414634146,0.9998703414634146
1643737530442467.0,0.9998739999999999,0.99987
1643737593600279.5,0.999873037735849,0.999864962264151
1643737648622462.2,0.999872,0.9998701481481482
1643737705460189.2,0.9998720000000001,0.999871
1643737769197158.5,0.999872,0.999871
1643737832405400.0,0.999872,0.9998710000000001
1643737888776860.0,0.9998745,0.999871
1643737959540199.8,0.999879,0.9998716956521739
1643738017825510.5,0.999879,0.9998730909090909
1643738067580556.2,0.9998799249999999,0.9998735
1643738134576736.2,0.9998880967741935,0.999874129032258
1643738191083657.2,0.99988742,0.99987174
1643738255004375.8,0.9998859444444445,0.99987
1643738314903792.2,0.9998847666666666,0.99987
1643738365214321.0,0.9998839736842104,0.99987
1643738429259166.5,0.999882909090909,0.9998706363636363
1643738481082859.2,0.9998820000000002,0.9998709999999998
1643738548516430.8,0.9998841951219513,0.9998700731707317
1643738611171455.5,0.999888,0.9998701764705883
1643738669402781.2,0.999888,0.9998704285714286
1643738732741172.8,0.999888,0.9998717727272727
1643738804304790.0,0.9998879142857143,0.9998709142857144
1643738844254746.8,0.9998873095238094,0.9998702619047619
1643738921220554.0,0.9998857777777779,0.9998708518518519
1643738970829624.2,0.9998855937500001,0.99987021875
1643739034063794.8,0.9998853000000001,0.9998699500000001
1643739079195269.2,0.999884,0.99986945
1643739152719777.5,0.9998838363636364,0.9998699272727273
1643739216370412.0,0.9998828235294117,0.9998668627450982
1643739279271727.8,0.99988175,0.99986925
1643739335211089.0,0.9998807073170731,0.9998698048780488
1643739389770178.2,0.9998796363636363,0.99987
1643739452190802.5,0.9998788181818181,0.9998693333333334
1643739513929298.0,0.99987784375,0.9998698125000001
1643739571757384.2,0.9998768387096775,0.99987
1643739623595842.0,0.9998759117647059,0.9998697941176471
1643739694521003.8,0.9998748571428571,0.9998698095238095
1643739741034162.8,0.999874724137931,0.9998703448275862
1643739804096672.5,0.9998743999999999,0.9998664
1643739872158579.5,0.9998856756756757,0.9998696486486486
1643739942241034.8,0.9998865714285714,0.999871238095238
1643739993496670.5,0.9998867142857142,0.9998722380952381
1643740055534024.2,0.9998861071428572,0.9998731071428572
1643740108005145.2,0.9998852692307693,0.999874
1643740177878995.2,0.9998855833333334,0.9998749583333333
1643740241532600.5,0.9998864642857143,0.9998762142857143
1643740279710841.8,0.999886,0.999876388888889
1643740352449695.8,0.999885,0.999876
1643740404653655.5,0.9998823333333333,0.999876
1643740473359971.5,0.9998782380952381,0.9998759999999999
1643740527832283.8,0.9998769090909092,0.9998703181818183
1643740598385395.2,0.9998758999999999,0.9998696
1643740655655315.5,0.99987475,0.99986975
1643740711086366.2,0.999873962962963,0.9998698148148149
1643740772093885.5,0.9998728461538462,0.9998695384615385
1643740835103169.0,0.9998717647058823,0.9998624411764706
1643740890873306.5,0.9998708749999999,0.9998693125
1643740951783662.8,0.9998700000000001,0.9998512857142857
1643741015695183.2,0.99987,0.999869
1643741082487387.8,0.9998699999999999,0.999869
1643741139077913.8,0.9998855789473684,0.9998697894736842
1643741190309963.0,0.9998881000000001,0.9998708000000001
1643741261831747.8,0.9998887692307693,0.9998722307692307
1643741311351739.2,0.9998880322580644,0.9998731612903227
1643741382474368.8,0.9998884117647059,0.9998741764705883
1643741428040690.2,0.9998887647058823,0.9998750588235293
1643741492391956.2,0.999889,0.9998762727272728
1643741555519268.2,0.9998874999999999,0.9998431304347826
1643741609192018.2,0.9998837692307692,0.9998691538461538
1643741674741339.5,0.9998815000000001,0.9998693076923076
1643741733079310.2,0.9998809230769231,0.9998698974358974
1643741790053404.2,0.99988,0.9998702272727272
1643741845322627.5,0.99988,0.999871
1643741913768226.8,0.9998794358974359,0.9998699487179488
1643741973316611.5,0.9998778666666667,0.9998697333333334
1643742032530235.2,0.9998769166666667,0.99987
1643742093562119.5,0.9998758999999999,0.99987
1643742164257698.2,0.9998773181818182,0.9998700227272728
1643742216253781.0,0.9998879111111112,0.9998710444444444
1643742274190942.5,0.999887,0.9998722258064516
1643742332238453.5,0.9998867307692307,0.9998729615384616
1643742395955249.0,0.9998882830188679,0.9998745283018868
1643742453582623.8,0.9998848823529412,0.9998697352941176
1643742509701643.0,0.9998790322580645,0.9998667419354839
1643742573946939.5,0.9998780322580645,0.99987
1643742633280771.5,0.9998769230769231,0.99987
1643742698366262.5,0.9998768800000001,0.99987008
1643742752582425.8,0.9998789743589744,0.999871282051282
1643742817664759.2,0.999878,0.99987216
1643742880954097.2,0.9998782777777778,0.9998733611111111
1643742935759825.2,0.999879,0.9998754074074073
1643742994549284.0,0.9998798857142857,0.9998761428571429
1643743046638588.0,0.99988,0.999877705882353
1643743114015549.5,0.9998785882352941,0.9998720588235294
1643743172552875.0,0.9998769444444444,0.9998705277777779
1643743232343658.5,0.9998758846153847,0.999871
1643743284528737.2,0.99987555,0.9998714
1643743361397479.0,0.9998792352941176,0.9998761764705882
1643743419021034.0,0.9998795238095238,0.9998776666666668
1643743476497076.0,0.999878953488372,0.999875558139535
1643743530116243.0,0.9998778636363638,0.99987
1643743591136044.8,0.9998770909090908,0.99987
1643743647588611.0,0.9998764594594595,0.9998701081081081
1643743700681107.0,0.999877,0.99987028125
1643743777646210.2,0.9998788787878788,0.9998723030303031
1643743824441341.5,0.9998785609756098,0.9998731707317072
1643743892390835.5,0.999879,0.9998751428571427
1643743964195551.0,0.999879,0.9998773333333334
1643744012046020.8,0.999879,0.999878
1643744073177155.2,0.999878725,0.9998725500000001
1643744130648965.2,0.9998768108108107,0.999869918918919
1643744194011190.2,0.9998759999999999,0.9998705
1643744241164358.0,0.99987596875,0.99987084375
1643744324676157.5,0.999876,0.9998728181818183
1643744379323283.0,0.9998760000000001,0.99987245
1643744425125765.0,0.9998752727272727,0.9998729545454546
1643744491896231.5,0.999874,0.999873
1643744555463066.2,0.9998737037037038,0.9998725925925925
1643744604125149.8,0.999873,0.999872
1643744673575518.0,0.999873,0.999872
1643744729112898.0,0.999873,0.9998720000000001
1643744793769580.0,0.9998768947368422,0.9998722631578947
1643744852261343.2,0.999879,0.99987272
1643744916068156.8,0.999879,0.9998741
1643744972944700.5,0.9998790909090909,0.9998756666666666
1643745025644766.2,0.9998784468085107,0.9998623617021276
1643745094978768.5,0.9998754210526316,0.9998721578947368
1643745161240074.2,0.99987375,0.9998724999999999
1643745215799040.0,0.999873,0.9998720000000001
1643745266637104.8,0.999873,0.999872
1643745324827115.2,0.9998729999999999,0.999872
1643745379077266.5,0.9998730000000001,0.999872
1643745449733315.5,0.9998730000000001,0.999872
1643745516680008.2,0.999873,0.9998585294117648
1643745568647611.0,0.9998730000000001,0.9998720000000001
1643745634898431.8,0.9998729999999999,0.999872
1643745696528668.8,0.999873,0.9998720000000001
1643745762580675.0,0.9998765,0.9998725384615385
1643745813322835.0,0.999879,0.9998731891891892
1643745877886824.5,0.9998778723404256,0.999873170212766
1643745929039231.0,0.99987684,0.99987308
1643745988355414.0,0.9998748909090909,0.9998594
1643746049043025.8,0.999874,0.9998728181818183
1643746120159147.5,0.999874,0.999873
1643746159800044.5,0.999874,0.999873
1643746223811392.2,0.9998735833333333,0.9998622500000001
1643746293718499.5,0.999873,0.999872
1643746356731830.5,0.999873,0.9998600434782609
1643746416048304.8,0.999873,0.999872
1643746472385270.0,0.999873,0.9998720000000001
1643746532078501.5,0.999873,0.999872
1643746586689581.0,0.9998730000000001,0.9998720000000001
1643746653791941.8,0.9998735454545454,0.9998720454545453
1643746718935614.2,0.9998746190476191,0.9998729523809524
1643746768456122.8,0.9998756666666667,0.9998735833333333
1643746821147910.8,0.9998761,0.9998742500000001
1643746884110129.2,0.9998751428571427,0.999874
1643746942436128.8,0.999875,0.9998739999999999
1643747021363373.5,0.9998755384615384,0.9998740769230771
1643747076884736.0,0.9998760769230769,0.9998741538461539
1643747137801742.8,0.9998759999999999,0.999874
1643747192135276.2,0.9998866274509803,0.9998830196078431
1643747236372814.5,0.9998922222222222,0.9998910000000001
1643747293124379.5,0.9998999166666667,0.9998968333333332
1643747371616269.0,0.999902,0.999901
1643747427131583.2,0.999902,0.999901
1643747500605077.5,0.999901625,0.9999003750000001
1643747552938222.8,0.999901,0.9999
1643747618119221.8,0.999901,0.9999
1643747667584368.0,0.999901,0.9999
1643747727726601.5,0.9999009999999999,0.9999000000000001
1643747781343592.8,0.999901,0.9999
1643747847044686.8,0.999901,0.9999
1643747896241461.2,0.999901,0.9999
1643747968401314.0,0.999901,0.9999
1643748017045925.0,0.999901,0.9999
1643748093849193.5,0.999901,0.9999
1643748147728395.5,0.999901,0.9999
1643748215943211.5,0.999901,0.9999
1643748266029119.2,0.9999009999999999,0.9999000000000001
1643748320788605.0,0.999901,0.9999
1643748396361728.2,0.999901923076923,0.9999002307692308
1643748451964645.8,0.999902,0.999901
1643748503326165.5,0.999902,0.999901
1643748572008709.8,0.999902,0.999901
1643748628350533.0,0.999902,0.999901
1643748693791037.0,0.999902,0.999901
1643748751939650.0,0.999902,0.999901
1643748810279136.0,0.999902,0.999901
1643748868220482.2,0.9999014814814815,0.9999003703703703
1643748927293739.8,0.999901,0.9998999999999999
1643748984469961.8,0.999901,0.9999
1643749042079357.2,0.999901,0.9999
1643749108714728.5,0.999901,0.9999
1643749182346179.2,0.999901,0.9999
1643749216625368.5,0.999901,0.9999
1643749284887214.2,0.999901,0.9999
1643749358509341.2,0.9999015263157894,0.9999001052631579
1643749409976390.0,0.9999015,0.999900125
1643749462246605.2,0.999901,0.9999
1643749527275950.8,0.9999013333333333,0.9998999999999999
1643749588595550.5,0.9999019047619048,0.9999004285714286
1643749657031210.5,0.999902,0.9999008888888888
1643749716948536.0,0.999902,0.999901
1643749768729817.5,0.9999017631578946,0.9999006842105264
1643749839772778.8,0.999901,0.9999
1643749886557811.2,0.999901,0.9999
1643749938244939.0,0.9999009999999999,0.9999000000000001
1643750016981466.2,0.999901,0.9999
1643750068954465.0,0.999901,0.9999
1643750131074357.0,0.999901,0.9999
1643750184301961.5,0.999901,0.9999
1643750243064405.2,0.999901,0.9999
1643750317440298.0,0.999901,0.9998999999999999
1643750377549197.5,0.9999009999999999,0.9999000000000001
1643750441530084.5,0.999901894736842,0.9999007894736843
1643750498551661.0,0.9999020000000001,0.9999009999999999
1643750546212732.0,0.999902,0.999901
1643750605143992.2,0.999902,0.999901
1643750674640320.8,0.999902,0.999901
1643750713813210.2,0.9999021923076923,0.9999010384615385
1643750799777186.2,0.999902,0.999901
1643750848343827.0,0.999902,0.999901
1643750906771920.0,0.9999020000000001,0.9999009999999999
1643750963275219.2,0.999902,0.999901
1643751024810810.8,0.9999062432432432,0.9999019189189188
1643751099352984.0,0.9999064782608696,0.9999034347826088
1643751147883774.2,0.9999067692307693,0.9999041282051283
1643751221124296.2,0.9999059999999999,0.999905
1643751268582443.2,0.9999061041666666,0.9999020000000001
1643751330264486.5,0.9999049999999999,0.9999011379310345
1643751386408377.8,0.999905,0.9999015
1643751452800005.2,0.9999040370370371,0.9999005185185185
1643751505598226.8,0.999901,0.9999
1643751573238951.5,0.999901,0.9999
1643751628772748.8,0.999901,0.9999
1643751688680916.2,0.999901,0.9999
1643751748745062.8,0.999901,0.9999
1643751819305618.5,0.9999054117647058,0.9999008235294118
1643751877139229.2,0.9999061785714286,0.9999021428571427
1643751932295587.8,0.9999060999999999,0.9999032
1643751989489257.8,0.9999064516129033,0.9999040322580646
1643752052040512.5,0.9999060303030303,0.9999048787878788
1643752117652719.5,0.999906,0.9999049999999999
1643752175225349.8,0.999906,0.999905
1643752227168065.5,0.9999051785714286,0.99990075
1643752287357207.2,0.9999038648648648,0.9999004324324324
1643752361022285.0,0.9999026000000001,0.99990095
1643752418817915.2,0.9999019999999998,0.9999006486486487
1643752473664919.0,0.999902,0.999901
1643752533160777.5,0.999902,0.999901
1643752596724164.2,0.9999020000000001,0.9999009999999999
1643752646651623.8,0.9999012352941177,0.9999001176470588
1643752710740029.0,0.999901,0.9999
1643752779601938.8,0.999901,0.9999
1643752818593066.5,0.999901,0.9999
1643752893956323.2,0.999901,0.9999
1643752944256178.8,0.999901,0.9999
1643753017021832.0,0.999901,0.9999
1643753082968843.5,0.999901625,0.9999003750000001
1643753119738198.5,0.9999015714285714,0.9999001904761906
1643753190065219.5,0.9999001875,0.9998804375
1643753246836466.2,0.9998975454545455,0.9998777272727274
1643753319028428.5,0.9998951904761905,0.9998774761904763
1643753365437606.8,0.9998942653061225,0.9998785714285715
1643753434417392.5,0.9998927999999999,0.9998807
1643753485142198.0,0.9998914705882354,0.9998798823529412
1643753542097562.2,0.999891,0.99988
1643753623282463.5,0.9998909333333332,0.9998780666666668
1643753663775446.8,0.9998904,0.99987875
1643753736094874.8,0.9998939583333333,0.9998797916666667
1643753793703398.5,0.999901,0.99988075
1643753859036982.8,0.999901,0.999882
1643753910349635.2,0.999901,0.9998830740740741
1643753972633062.0,0.999901,0.9998841666666666
1643754044956604.5,0.999901,0.9998854500000001
1643754080368187.0,0.9999002307692308,0.9998767115384616
1643754158632835.5,0.9998964375,0.999874
1643754220558595.0,0.9998948125,0.9998736875
1643754281176557.2,0.9998927142857142,0.9998731428571429
1643754335764442.5,0.9998910624999999,0.999872125
1643754391729081.0,0.9998896666666667,0.9998728333333333
1643754451957680.0,0.9998889523809524,0.999873
1643754512504007.5,0.9998878846153846,0.9998730000000001
1643754571330089.5,0.9998868888888889,0.9998728518518518
1643754628876721.2,0.9998859705882355,0.9998725588235293
1643754697084694.2,0.999885,0.9998729285714286
1643754734773288.8,0.999885,0.9998729999999999
1643754807186869.0,0.999885,0.999873
1643754873330381.0,0.999885,0.9998729199999999
1643754926514955.0,0.999885,0.9998728181818183
1643754979488948.2,0.999885,0.9998729999999999
1643755060720832.0,0.9998975714285714,0.9998740952380952
1643755123038341.5,0.999901,0.9998777142857144
1643755176606357.2,0.99989985,0.99987305
1643755240520592.2,0.9998963461538461,0.9998723076923077
1643755297307188.2,0.9998999444444444,0.9998745833333333
1643755362474694.8,0.999901,0.9998775294117648
1643755413270164.2,0.9999012647058824,0.9998784705882353
1643755479259658.8,0.9998989696969697,0.9998748181818181
1643755535243816.5,0.9998964666666667,0.9998726
1643755589531392.0,0.999894875,0.999873
1643755637677101.2,0.9998939666666666,0.9998725333333333
1643755715439222.5,0.9998929333333334,0.9998729999999999
1643755761853971.0,0.9998929999999999,0.9998742121212121
1643755831582255.8,0.9998927142857144,0.9998748095238096
1643755882795792.2,0.999890875,0.999873
1643755951581189.2,0.999889857142857,0.9998724761904763
1643756014371051.0,0.9998887307692308,0.9998727307692307
1643756077961603.8,0.9998879230769231,0.9998730000000001
1643756128938631.8,0.9998869705882352,0.9998727352941178
1643756193388013.2,0.9998859583333334,0.999873
1643756261836891.2,0.9998848636363636,0.9998729999999999
1643756316576458.2,0.9998839090909092,0.999873
1643756381949618.2,0.9998828387096774,0.999873
1643756436035468.0,0.9998851020408164,0.9998726734693877
1643756493652472.2,0.9999018333333334,0.9998743750000001
1643756556120907.2,0.9999014117647059,0.9998755
1643756604496852.8,0.9999003913043478,0.9998750000000001
1643756660112746.0,0.9998991111111111,0.999875
1643756725385356.2,0.9998994827586206,0.9998754827586207
1643756793580563.5,0.9998988888888889,0.9998771111111111
1643756859392691.2,0.9999000000000001,0.9998782727272727
1643756922748767.0,0.9999,0.9998792
1643756975460898.0,0.9999,0.9998801428571428
1643757026551389.8,0.9998994583333333,0.9998755833333334
1643757091779683.5,0.999897825,0.9998729000000001
1643757156608583.8,0.9998968571428571,0.999873
1643757207724341.8,0.9998986999999999,0.999874775
1643757276272980.0,0.9998990000000001,0.9998761428571429
1643757334982018.0,0.9998990000000001,0.9998770588235295
1643757396896725.5,0.9998989999999999,0.99987808
1643757456564711.8,0.9998989354838709,0.9998779032258064
1643757508868444.0,0.9998979642857142,0.9998725357142858
1643757584790957.0,0.9998964166666666,0.9998826666666667
1643757637096761.2,0.9998958846153846,0.9998726538461539
1643757689583403.2,0.9998948965517241,0.9998725517241379
1643757759451790.0,0.9998937368421053,0.9998868947368421
1643757801175299.8,0.9998938888888889,0.9998917037037037
1643757882298664.5,0.9998974210526316,0.9998932631578947
1643757943199474.8,0.999899,0.9998944166666667
1643757988320283.0,0.999899,0.9998963076923076
1643758048417656.2,0.9998974782608695,0.9998782826086956
1643758112082700.8,0.9998959523809523,0.9998729047619047
1643758172837259.2,0.9998947368421053,0.9998730263157896
1643758225687745.2,0.999899,0.9998735000000001
1643758301496793.0,0.999899,0.9998754782608694
1643758357876073.2,0.9998990967741935,0.9998763870967742
1643758414879390.8,0.9998996666666667,0.9998790476190477
1643758478010305.0,0.9999,0.999882875
1643758529440226.5,0.9998993636363637,0.9998843636363636
1643758593381364.0,0.9998998888888888,0.9998863888888889
1643758645479772.2,0.9998996470588236,0.9998881176470588
1643758717542389.0,0.999899125,0.9998907499999999
1643758778084706.8,0.9999,0.9998925714285714
1643758836298335.5,0.9999,0.9998945714285714
1643758893709321.8,0.9999,0.9998967142857144
1643758956034682.0,0.9998983478260869,0.9998783913043477
1643759013827006.2,0.9998950769230769,0.9998727692307692
1643759082520377.0,0.9998934090909092,0.9998703636363636
1643759128538711.5,0.9998929047619048,0.9998727142857142
1643759200320780.2,0.9998918928571429,0.9998728571428571
1643759253650886.5,0.9998908888888889,0.9998728888888889
1643759319007665.0,0.9998898636363637,0.9998729999999999
1643759379141611.2,0.9998886428571429,0.999873
1643759438051712.8,0.9998877619047619,0.999873
1643759491449194.5,0.9998869499999999,0.999873
1643759543728747.8,0.9998859761904763,0.9998729761904761
1643759608460975.0,0.9998847222222221,0.9998726944444445
1643759673750757.0,0.999882896551724,0.9998739655172414
1643759721796304.8,0.9998819333333333,0.9998720666666666
1643759791803750.8,0.9998808800000001,0.9998725199999999
1643759855819240.0,0.9998798499999999,0.99987265
1643759896314518.2,0.9998798695652173,0.9998734782608696
1643759970022791.8,0.99988,0.999874
1643760017330693.0,0.999897,0.999874
1643760094845240.2,0.999899052631579,0.9998747368421054
1643760154315768.0,0.9998989545454545,0.9998816818181818
1643760215926554.2,0.9998978461538461,0.9998811538461538
1643760268411941.8,0.999897,0.9998817241379311
1643760321929337.5,0.999897,0.9998820000000002
1643760387067986.0,0.9998964883720931,0.9998819999999999
1643760450576117.2,0.9998949500000001,0.999882
1643760500212709.2,0.9998940392156863,0.9998819803921569
1643760574866922.2,0.9998927941176471,0.9998820000000002
1643760634433547.8,0.9998918571428571,0.999882
1643760699347306.2,0.9998908148148148,0.999882
1643760751393580.5,0.99988959375,0.9998815625
1643760812899092.0,0.9998878571428571,0.9998813571428571
1643760872224283.8,0.9998868333333334,0.999882
1643760922020109.2,0.9998866666666667,0.9998824000000001
1643760998226386.0,0.99989444,0.99988408
1643761053176857.0,0.9998964499999999,0.9998859
1643761119209990.5,0.999897,0.9998887142857144
1643761177603517.0,0.9998965,0.9998895555555555
1643761220250578.8,0.9998954444444443,0.9998890555555556
1643761270519567.8,0.9998936818181818,0.9998734545454546
1643761351725017.2,0.9998916923076924,0.9998810769230769
1643761405967013.5,0.9998908620689655,0.9998787241379311
1643761471120842.2,0.9998902599999999,0.9998823400000001
1643761528937368.8,0.9998879142857143,0.9998619142857144
1643761598005086.2,0.9998832727272727,0.9998810000000001
1643761646259248.0,0.999882,0.999881
1643761713868720.0,0.999882,0.999881
1643761783514361.8,0.999882,0.999881
1643761836362112.0,0.999882,0.9998809999999999
1643761895683330.2,0.9998819999999999,0.9998810000000001
1643761956920045.5,0.9998819999999999,0.9998810000000001
1643762015249362.8,0.999882,0.999881
1643762062958232.8,0.9998820000000002,0.999881
1643762122716960.0,0.999882,0.999881
1643762188472612.5,0.999882,0.999881
1643762260585169.8,0.999882,0.999881
1643762307155390.0,0.999882,0.999881
1643762377964092.5,0.999882,0.999881
1643762432582035.8,0.999882,0.999881
1643762493305961.2,0.999882,0.999881
1643762557465424.0,0.999882,0.999881
1643762621678759.0,0.999882,0.999881
1643762670850306.8,0.999882,0.999881
1643762736299468.5,0.9998836923076924,0.999881
1643762795309228.5,0.999883,0.999881
1643762854184912.0,0.999883,0.999881
1643762910467598.8,0.9998824000000001,0.999881
1643762980198399.8,0.9998848333333333,0.9998815
1643763040021781.5,0.9998862352941177,0.9998831764705881
1643763094995992.0,0.9998863214285715,0.9998841071428571
1643763161337174.0,0.9998860263157895,0.9998776578947368
1643763217297303.8,0.9998848333333333,0.999882
1643763277482584.2,0.9998842777777779,0.999882
1643763343971430.2,0.9998832727272727,0.9998816818181818
1643763397179485.5,0.9998819999999999,0.9998810000000001
1643763442252162.2,0.999882,0.999881
1643763513221919.5,0.999882,0.999881
1643763562758193.5,0.999882,0.999881
1643763619319839.5,0.999882,0.999881
1643763692980644.5,0.999882,0.999881
1643763756492574.8,0.999882,0.999881
1643763808279891.5,0.999882,0.999881
1643763869461474.2,0.9998819999999999,0.9998810000000001
1643763930937565.5,0.999882,0.999881
1643763988623603.2,0.999882,0.9998809999999999
1643764062243844.5,0.999882,0.999881
1643764103809660.0,0.999882,0.999881
1643764183202272.5,0.999882,0.999881
1643764211020390.5,0.999882,0.999881
1643764289473191.5,0.999882,0.999881
1643764353739183.2,0.999882,0.9998809999999999
1643764411715324.5,0.999882,0.999881
1643764461532010.0,0.9998820000000002,0.9998809999999999
1643764533562333.8,0.9998820000000002,0.9998809999999999
1643764607988936.0,0.999882,0.999881
1643764659550909.5,0.999882,0.999881
1643764707094444.5,0.999882,0.999881
1643764780115011.8,0.9998839583333333,0.9998810416666667
1643764828632809.0,0.999886,0.999881
1643764879273442.8,0.999886,0.9998809999999999
1643764953649815.5,0.9998856315789474,0.9998817894736842
1643765020736278.8,0.9998832222222221,0.999882
1643765061987807.2,0.999883,0.999882
1643765127508654.0,0.9998829999999999,0.9998820000000002
1643765188192390.8,0.999885346153846,0.9998824615384615
1643765260401381.2,0.9998868,0.9998844
1643765311485745.5,0.999887090909091,0.9998853181818181
1643765362221378.5,0.9998882857142857,0.9998855357142858
1643765431116436.5,0.999887,0.99988575
1643765499584353.8,0.99988785,0.99988645
1643765548398247.5,0.9998881666666667,0.999887
1643765609955974.5,0.9998881333333334,0.999887
1643765667020039.8,0.999888,0.999887
1643765729545454.5,0.9998865,0.9998831470588234
1643765797679082.2,0.9998848518518519,0.9998824074074074
1643765849870024.8,0.9998840000000001,0.999883
1643765913508056.5,0.999884,0.999883
1643765965650677.5,0.999884,0.999883
1643766019077021.5,0.9998889393939394,0.999884606060606
1643766096092134.2,0.999892,0.9998910000000001
1643766151632629.5,0.999892,0.999891
1643766208544560.5,0.9998919999999999,0.9998910000000001
1643766264248959.2,0.999892,0.999891
1643766330979673.8,0.9998928846153846,0.9998916153846154
1643766395151988.5,0.999893,0.9998919999999999
1643766452567855.8,0.999893,0.999892
1643766513401726.5,0.9998929999999999,0.9998919999999999
1643766583017562.0,0.9998926486486487,0.999886891891892
1643766631884556.5,0.9998884666666666,0.9998824000000001
1643766698549492.0,0.9998864444444445,0.999881
1643766752860844.8,0.9998858235294118,0.9998818235294117
1643766810631422.8,0.9998849166666667,0.999882
1643766876327959.5,0.9998838421052633,0.999882
1643766925794005.8,0.999883,0.999882
1643767009469032.8,0.999883,0.99988184
1643767057566592.0,0.999883,0.999882
1643767113237476.2,0.9998921153846154,0.9998828846153847
1643767183546182.0,0.9998955789473684,0.9998856315789474
1643767230521006.2,0.999895,0.9998861612903226
1643767307176176.0,0.9998949999999999,0.999887411764706
1643767352066443.8,0.999895,0.9998880769230769
1643767408594145.5,0.9998942549019608,0.9998848823529412
1643767490994665.8,0.999895392996109,0.9998799105058366
1643767527597929.8,0.9998927692307691,0.999882
1643767600418222.5,0.9998892142857142,0.9998812142857144
1643767645588892.5,0.999887625,0.999881
1643767710467571.5,0.99988668,0.9998816
1643767781029849.2,0.99988592,0.999882
1643767833630669.2,0.9998846666666666,0.999882
1643767887868748.2,0.9998832608695652,0.9998820000000002
1643767957869535.8,0.999883,0.999882
1643767994417485.5,0.999883,0.999882
1643768065752978.8,0.9998829999999999,0.9998820000000002
1643768123641513.8,0.999883,0.999882
1643768179761408.0,0.9998825384615385,0.9998813076923077
1643768250283027.8,0.999882,0.999881
1643768304847158.2,0.999882,0.999881
1643768363017216.8,0.999882,0.9998809999999999
1643768434268525.0,0.999882,0.999881
1643768488761284.2,0.999882,0.999881
1643768553399024.2,0.9998853333333333,0.9998810833333334
1643768609361603.2,0.9998894642857143,0.9998820357142858
1643768678680812.2,0.999889,0.9998832272727273
1643768720299612.0,0.9998895,0.9998839999999999
1643768787836924.5,0.999889,0.999884
1643768858023696.2,0.999889,0.9998846153846154
1643768915581088.8,0.9998890869565217,0.9998860869565217
1643768963339150.8,0.9998896666666667,0.999886
1643769036426626.2,0.99989,0.999886
1643769083096537.0,0.9998888499999999,0.999886
1643769153070001.5,0.9998864117647059,0.9998829411764706
1643769210491731.5,0.99988468,0.99988192
1643769276171329.8,0.9998837142857142,0.9998821428571428
1643769332057379.8,0.9998829999999999,0.9998818275862069
1643769384862676.5,0.9998822777777777,0.9998811666666667
1643769443306147.5,0.999882,0.999881
1643769503967381.8,0.999882,0.999881
1643769570705299.5,0.999882,0.999881
1643769615407152.5,0.999882,0.999881
1643769696240237.0,0.999882,0.999881
1643769748693880.0,0.999882,0.999881
1643769808419420.0,0.999882,0.999881
1643769871739654.0,0.9998914222222223,0.9998819555555556
1643769925467276.5,0.9998894666666666,0.999882
1643769980588473.5,0.9998871749999999,0.999869825
1643770050351005.8,0.9998846,0.9998810666666668
1643770108889247.2,0.9998848095238095,0.999882
1643770173767277.5,0.9998841538461539,0.9998821153846154
1643770232332780.5,0.9998875599999999,0.9998835199999999
1643770290497196.8,0.9998896249999999,0.9998851666666667
1643770355099852.5,0.9998897857142858,0.9998860714285714
1643770407701828.0,0.9998960571428571,0.9998871428571428
1643770477679256.0,0.999895,0.9998882727272727
1643770530196074.2,0.999895,0.9998891538461538
1643770604987587.0,0.9998958723404255,0.9998900425531914
1643770643332107.8,0.9998935483870968,0.9998827096774193
1643770717336655.2,0.9998908181818181,0.9998819999999999
1643770770134048.2,0.9998895,0.9998784210526315
1643770828654792.0,0.9998925249999999,0.9998824000000001
1643770892967767.0,0.9998904999999999,0.9998822333333333
1643770943780152.8,0.9998878421052633,0.9998855263157894
1643771016303043.8,0.9998880000000001,0.999883
1643771057914434.2,0.9998874324324324,0.9998817027027027
1643771139201161.0,0.9998869310344828,0.9998820344827586
1643771198576657.0,0.9998856666666668,0.9998812222222222
1643771249767385.0,0.9998848823529412,0.9998817647058824
1643771316389009.0,0.9998836470588235,0.9998814117647058
1643771360253800.8,0.999883,0.9998819166666667
1643771435304984.5,0.999883,0.999882
1643771494727489.8,0.999883,0.999882
1643771601652242.0,0.999883,0.999882
1643771680685211.0,0.999883,0.999882
1643771724678026.5,0.9998829999999999,0.9998820000000002
1643771795230484.0,0.999883,0.999882
1643771852107054.2,0.999883,0.999882
1643771910467606.0,0.999883,0.999882
1643771973124326.5,0.9998829999999999,0.9998820000000002
1643772032951067.2,0.9998829999999999,0.9998820000000002
1643772085919247.2,0.999883,0.999882
1643772154542101.2,0.9998828367346939,0.9998817551020409
1643772216729711.0,0.9998819999999999,0.9998810000000001
1643772266721155.5,0.999882,0.999881
1643772330744284.8,0.9998820000000002,0.9998809999999999
1643772392797927.5,0.999882,0.999881
1643772451151542.2,0.9998819999999999,0.999881
1643772505164912.0,0.9998825531914894,0.9998810425531915
1643772583942555.0,0.9998862307692308,0.9998824615384615
1643772638201560.0,0.999886,0.9998833333333333
1643772692828923.8,0.999886,0.9998840909090909
1643772753314281.5,0.9998853529411765,0.9998841764705882
1643772816155368.8,0.9998852727272727,0.9998840454545455
1643772883498397.2,0.999886,0.999885
1643772936119645.2,0.9998861176470588,0.999885
1643772984722809.2,0.999886,0.999885
1643773037211725.8,0.999886945945946,0.9998854324324324
1643773105680527.5,0.99988775,0.999886625
1643773173760607.5,0.999888,0.999887
1643773208763597.8,0.999888,0.9998869999999999
1643773293664211.0,0.999888,0.9998869999999999
1643773350631252.5,0.9998879999999999,0.9998869999999999
1643773415124752.8,0.9998868095238096,0.999883380952381
1643773476402667.2,0.9998836315789474,0.9998817368421052
1643773537087016.2,0.999883,0.9998817692307693
1643773591733540.5,0.999883,0.9998818095238095
1643773655290725.5,0.9998830000000001,0.9998818636363637
1643773713832598.5,0.9998829999999999,0.9998817941176471
1643773791011494.2,0.9998829166666666,0.9998818750000001
1643773833545892.8,0.9998820000000002,0.9998809999999999
1643773886809072.8,0.999882,0.999881
1643773942135690.0,0.999882,0.9998809999999999
1643774009826471.5,0.999882,0.999881
1643774063394682.8,0.999882,0.999881
1643774131151437.5,0.999882,0.9998809999999999
1643774190411079.5,0.999882,0.999881
1643774251186546.5,0.999882,0.999881
1643774293094958.0,0.999882,0.9998642894736843
1643774373990157.0,0.9998819999999999,0.9998810000000001
1643774426665143.2,0.999882,0.999881
1643774488695263.0,0.999882,0.999881
1643774547344043.5,0.999882,0.999881
1643774616592931.2,0.999882,0.999881
1643774664906896.2,0.999882,0.999881
1643774733412332.8,0.999882,0.999881
1643774785192887.0,0.999882,0.999881
1643774848871275.5,0.999882,0.999881
1643774909958885.2,0.999882,0.999881
1643774976243458.5,0.999882,0.999881
1643775035599293.8,0.999882,0.999881
1643775090796543.8,0.9998819999999999,0.9998810000000001
1643775153012267.8,0.999882,0.999881
1643775210234830.0,0.999882,0.999881
1643775272734350.2,0.999882,0.999881
1643775324851671.2,0.999882,0.999881
1643775394719069.2,0.999882,0.999881
1643775451658250.8,0.9998820000000002,0.999881
1643775515503560.0,0.9998819999999999,0.999881
1643775565139437.0,0.9998820000000002,0.999881
1643775622902019.2,0.999882,0.9998809999999999
1643775694251576.5,0.999882,0.999881
1643775748382983.2,0.999882,0.999881
1643775807811575.0,0.999882,0.999881
1643775871401563.5,0.999882,0.999881
1643775932002666.2,0.9998819999999999,0.9998810000000001
1643775989624753.5,0.999882,0.999881
1643776059649243.0,0.999882,0.9998810000000001
1643776108341155.5,0.9998820000000002,0.999881
1643776168742128.0,0.9998819999999999,0.9998810000000001
1643776224328461.2,0.999882,0.999881
1643776286541105.5,0.9998820000000002,0.999881
1643776348358721.8,0.9998820000000002,0.9998810000000001
1643776400362468.5,0.999882,0.999881
1643776472356918.2,0.999882,0.999881
1643776526667395.0,0.999882,0.999881
1643776594832228.0,0.9998820000000002,0.999881
1643776652086259.2,0.9998820000000002,0.999881
1643776714948756.0,0.999882,0.9998809999999999
1643776766703667.0,0.999882,0.999881
1643776839787530.5,0.999882,0.9998761944444444
1643776893489399.2,0.999882,0.999881
1643776956647466.0,0.999882,0.999881
1643777008333506.8,0.999882,0.999881
1643777069442224.2,0.9998819999999999,0.999881
1643777131044373.2,0.999882,0.999881
1643777187166457.0,0.9998819999999999,0.999881
1643777243997402.8,0.999882,0.999881
1643777297845126.2,0.999882,0.999881
1643777366648380.2,0.9998819999999999,0.9998810000000001
1643777428154359.5,0.999882,0.999881
1643777493104758.2,0.999882,0.999881
1643777550411769.2,0.999882,0.999881
1643777609174287.0,0.9998819999999999,0.9998810000000001
1643777670576832.2,0.999882,0.999881
1643777720586492.0,0.9998819999999999,0.9998810000000001
1643777791507995.0,0.999882,0.999881
1643777853822887.5,0.999882,0.999881
1643777911265683.2,0.999882,0.999881
1643777979020059.0,0.9998819999999999,0.9998810000000001
1643778035616015.2,0.999882,0.999881
1643778085701466.2,0.9998820000000002,0.999881
1643778136704189.8,0.999882,0.999881
1643778205648353.8,0.999882,0.999881
1643778265704228.0,0.999882,0.999881
1643778339212664.8,0.999882,0.999881
1643778388762084.0,0.9998819999999999,0.9998810000000001
1643778461013972.5,0.999882,0.999881
1643778509123664.0,0.999882,0.999881
1643778569627711.5,0.9998781081081082,0.9998622702702702
1643778628897622.8,0.9998703571428571,0.999862
1643778700309280.5,0.9998673333333333,0.999862
1643778753430525.5,0.9998656,0.999862
1643778814659502.2,0.9998633846153845,0.999862
1643778870330345.2,0.9998629999999998,0.999862
1643778930231513.0,0.999863,0.999862
1643778992074216.5,0.999863,0.999862
1643779052117238.0,0.999863,0.999862
1643779101229859.0,0.999863,0.999862
1643779170095832.0,0.999863,0.9998619999999999
1643779237126074.0,0.999863,0.9998619999999999
1643779301522050.0,0.9998740392156862,0.9998640392156862
1643779349473490.0,0.999877,0.9998735862068966
1643779408748264.8,0.999877,0.999876
1643779471645052.8,0.999877,0.999876
1643779533297552.8,0.999877,0.9998759999999999
1643779587576302.5,0.999877,0.9998760000000001
1643779652916372.5,0.999877,0.999876
1643779711876750.5,0.999877,0.9998759999999999
1643779774000946.0,0.9998770000000001,0.999876
1643779820378700.5,0.999877,0.999876
1643779900296697.0,0.999877,0.999876
1643779944252636.5,0.999877,0.999876
1643780015614824.5,0.999877,0.9998760000000001
1643780073009165.2,0.999877,0.9998760000000001
1643780118350879.5,0.9998811081081082,0.9998781981981982
1643780194536834.2,0.9998829999999999,0.9998820000000002
1643780254181195.0,0.9998829999999999,0.9998820000000002
1643780311181906.0,0.999883,0.9998820000000002
1643780373668522.5,0.999883,0.999882
1643780430998977.5,0.9998960561797752,0.9998843258426966
1643780479770688.5,0.999911,0.9999081764705883
1643780553096284.2,0.999911,0.99991
1643780603789349.5,0.999911,0.99991
1643780676884825.2,0.99993125,0.9999167019230769
1643780705735579.5,0.9999450156555773,0.9999384168297456
1643780769028656.8,0.9999476134708738,0.9999450430825243
1643780850761433.8,0.9999479999999998,0.999947
1643780915163378.8,0.999948,0.9999470000000001
1643780976136299.0,0.999948,0.999947
1643781035238513.0,0.999948,0.999947
1643781089605736.0,0.999948,0.999947
1643781143790772.5,0.9999480000000001,0.999947
1643781189247721.8,0.999948,0.9999469999999999
1643781285936948.5,0.999948,0.999947
1643781342126390.0,0.999948,0.999947
1643781403695514.5,0.9999480000000001,0.9999434356435644
1643781448597841.8,0.999948,0.9999259777777777
1643781489220835.8,0.9999476960784314,0.9999258725490197
1643781577119942.5,0.9999435882352943,0.999926
1643781633158476.5,0.9999416666666667,0.9999265
1643781694485696.0,0.9999405833333334,0.999928
1643781753561184.0,0.9999398666666667,0.999928
1643781800818104.8,0.9999387631578948,0.9999256315789474
1643781885985316.5,0.9999375714285714,0.999926
1643781927919224.8,0.9999369354838709,0.9999252903225806
1643781993651755.0,0.9999356923076923,0.9999261538461538
1643782056306387.8,0.9999345999999999,0.9999269999999999
1643782119402132.8,0.9999337142857143,0.9999270000000001
1643782170202216.8,0.9999327368421053,0.999925
1643782239629181.2,0.9999315952380952,0.9999249999999998
1643782296168690.5,0.9999307272727272,0.999925
1643782353149551.2,0.9999299090909091,0.9999151818181818
1643782421552776.8,0.9999285833333333,0.9999139166666667
1643782476159841.5,0.9999278235294118,0.9999140294117647
1643782522311764.0,0.9999262432432432,0.9999137837837837
1643782586474373.0,0.9999259999999999,0.9999138333333334
1643782649522398.2,0.999925125,0.99991346875
1643782714429907.5,0.9999238095238095,0.9999138095238096
1643782774172677.0,0.9999228125,0.9999144375
1643782825521101.0,0.999922,0.9999142307692307
1643782881250418.8,0.9999217037037036,0.9999151851851852
1643782954844820.0,0.999920923076923,0.999916076923077
1643783013193822.2,0.9999207499999999,0.9999173333333333
1643783069127690.0,0.999921,0.999919
1643783133584929.8,0.999921,0.99992
1643783192229505.2,0.999921,0.99992
1643783253709221.8,0.999921,0.99992
1643783306653306.8,0.999921,0.99992
1643783367195713.5,0.999921,0.99992
1643783441364311.5,0.9999209375,0.99991934375
1643783496105897.2,0.9999196923076923,0.9999176153846154
1643783557073168.8,0.999919,0.9999179999999999
1643783606610292.5,0.999919,0.999918
1643783682248619.0,0.9999189999999999,0.999918
1643783737239738.0,0.9999189999999999,0.999918
1643783793727576.8,0.9999189999999999,0.9999180000000001
1643783859106335.5,0.9999437674418605,0.9999183953488372
1643783913773864.8,0.9999496363636364,0.9999241818181819
1643783968394718.8,0.99995,0.9999269230769231
1643784034291551.5,0.99995,0.9999301428571429
1643784096728520.5,0.99995,0.9999328235294117
1643784152102990.5,0.9999492982456141,0.9999341052631578
1643784206774501.8,0.9999491904761906,0.9999355714285715
1643784275047538.5,0.9999493529411765,0.9999398235294118
1643784335465567.0,0.9999490624999999,0.9999438125
1643784385735973.0,0.9999484761904762,0.9999294285714286
1643784459284158.8,0.9999457500000001,0.99992
1643784518522014.0,0.9999448157894737,0.9999197894736842
1643784572106521.5,0.9999449411764706,0.999922294117647
1643784634263774.8,0.9999449285714286,0.9999264999999999
1643784689501201.0,0.9999449999999999,0.9999294999999999
1643784752202572.8,0.999945,0.9999325
1643784811681385.5,0.999945,0.9999335
1643784873629026.5,0.9999493333333334,0.9999341190476191
1643784931046212.5,0.9999490000000001,0.9999350555555555
1643784990904290.0,0.9999494,0.99994055
1643785053972449.0,0.99995,0.9999489999999999
1643785097632253.8,0.99995,0.999949
1643785169535784.8,0.99995,0.999949
1643785238569994.0,0.99995,0.999949
1643785286463419.0,0.9999499999999999,0.999949
1643785355599535.8,0.9999499999999999,0.9999490000000001
1643785422034441.5,0.9999496999999999,0.99993965
1643785469518266.8,0.9999489166666667,0.999927
1643785529496567.5,0.999948375,0.999926
1643785596989483.2,0.9999467142857144,0.999926
1643785651166773.2,0.9999445789473684,0.999926
1643785717807181.0,0.99994125,0.999926
1643785775994923.0,0.9999393529411764,0.999926
1643785836423142.0,0.99993775,0.999926
1643785900802253.0,0.9999351111111111,0.9999259999999999
1643785961607987.5,0.9999337777777778,0.9999263888888889
1643786014869811.8,0.9999327368421053,0.9999269999999999
1643786063551301.5,0.9999319375000001,0.9999266875
1643786132209777.5,0.9999308125,0.999927
1643786198895927.0,0.9999298,0.999927
1643786255825047.8,0.9999293529411764,0.999927
1643786310281512.8,0.9999287272727273,0.999927
1643786373421155.5,0.9999287857142857,0.9999272142857143
1643786421152627.2,0.999929,0.999928
1643786502207567.0,0.9999438181818182,0.9999281363636364
1643786551119014.8,0.9999495714285713,0.9999290476190476
1643786600896741.0,0.9999482000000001,0.9999274
1643786672592981.2,0.9999456666666666,0.9999259999999999
1643786717946140.5,0.9999449047619048,0.9999178571428571
1643786796616534.8,0.999943875,0.9999167083333332
1643786837708105.2,0.9999414444444444,0.9999096507936508
1643786910359090.2,0.9999377272727272,0.999917
1643786965526308.8,0.9999366956521739,0.9999014782608696
1643787032005229.5,0.9999352777777778,0.9999
1643787102458697.8,0.9999347931034482,0.9999
1643787158407255.5,0.9999336666666667,0.9999
1643787220981828.5,0.9999329444444444,0.9999
1643787281238014.0,0.9999317647058824,0.9999
1643787335144743.0,0.999930875,0.9999005000000001
1643787394260215.5,0.9999288,0.9999051
1643787464318706.0,0.9999275833333333,0.99991
1643787504866471.2,0.9999268571428572,0.9999138571428572
1643787571663685.8,0.9999385416666667,0.9999180416666666
1643787630577786.5,0.9999408695652173,0.9999261304347826
1643787688965291.0,0.9999392222222222,0.9999303703703704
1643787759244197.2,0.999939,0.9999329047619048
1643787801344547.8,0.9999456923076924,0.9999340384615384
1643787862094092.8,0.9999438070175439,0.9999122631578947
1643787932980908.2,0.99993875,0.999898340909091
1643787991283024.8,0.9999336451612904,0.9998975483870968
1643788054201917.0,0.9999282592592592,0.9998985925925926
1643788113191279.2,0.9999268947368422,0.9998987894736842
1643788168302151.2,0.9999258108108107,0.9998963783783784
1643788243594939.2,0.9999245833333333,0.9998955833333333
1643788294811386.0,0.9999224782608696,0.9998958260869565
1643788346051421.5,0.9999217999999999,0.9998962
1643788413141952.2,0.9999205833333332,0.9998957083333333
1643788475443604.8,0.9999195555555556,0.9998957222222222
1643788532590287.8,0.9999186538461539,0.9998956538461539
1643788584399518.8,0.99991788,0.99989412
1643788654122058.0,0.999916705882353,0.9998937058823529
1643788709913971.2,0.999915904109589,0.999893205479452
1643788773346813.2,0.999915,0.9998929999999999
1643788825814322.5,0.999915,0.9998935999999999
1643788891858231.5,0.9999150000000001,0.9998935555555555
1643788952460900.8,0.999915,0.9998937368421053
1643789005989688.5,0.999915,0.9998937647058822
1643789076506779.8,0.9999149999999999,0.9998931538461538
1643789122455102.0,0.9999142500000001,0.999893
1643789205524046.2,0.9999125333333334,0.999893
1643789254807947.8,0.9999118444444446,0.999893
1643789326238504.5,0.999910411764706,0.9998929999999999
1643789373877798.2,0.99991,0.999893923076923
1643789425439516.8,0.9999100000000001,0.9998948888888888
1643789489306324.8,0.9999100000000001,0.9998973333333334
1643789566477392.0,0.9999212799999999,0.99989868
1643789610053581.0,0.9999405454545454,0.9999000909090909
1643789675095374.5,0.9999445,0.9999010625
1643789734703359.0,0.999945,0.9999026666666667
1643789797223580.5,0.9999404814814815,0.9999052222222221
1643789855394312.5,0.9999360000000002,0.9999072777777778
1643789916109648.2,0.9999437096774194,0.9999110967741935
1643789961237661.0,0.9999463783783784,0.9998972972972974
1643790028196341.2,0.9999393225806451,0.9998922258064517
1643790096273636.0,0.9999376428571428,0.9998926785714286
1643790150265849.2,0.9999367959183673,0.9998959591836734
1643790213489584.8,0.9999358709677421,0.9998977096774193
1643790268015174.0,0.9999348888888889,0.9998959999999999
1643790331086172.5,0.9999338235294116,0.9998937647058822
1643790396878647.5,0.9999337619047618,0.999894380952381
1643790455319150.2,0.9999337727272727,0.9998975454545455
1643790511045865.2,0.9999296857142856,0.9998973428571428
1643790565991244.0,0.9999437027027027,0.9999037837837838
1643790635713427.0,0.9999452777777778,0.9998976666666667
1643790703232261.2,0.9999420256410257,0.9998881794871795
1643790750885862.2,0.9999371363636363,0.9998954545454546
1643790818243265.8,0.9999345882352941,0.9998938823529412
1643790873441865.8,0.9999323333333334,0.9998942592592592
1643790931958748.0,0.9999379166666666,0.9998939583333333
1643790985786543.5,0.9999418571428571,0.9999012380952381
1643791056412101.2,0.999938652173913,0.9999046521739131
1643791114568023.5,0.9999407647058822,0.999906588235294
1643791178021286.8,0.99994456,0.99991024
1643791230991226.5,0.9999450000000001,0.999913076923077
1643791303487414.0,0.999945,0.9999158333333332
1643791362270185.0,0.9999431,0.9999178000000001
1643791420480627.8,0.999943,0.9999197272727273
1643791480279738.2,0.999943,0.9999217999999999
1643791547903428.0,0.999943,0.999924
1643791601141157.5,0.9999438000000002,0.9999258
1643791660675739.2,0.999943,0.9999275000000001
1643791709006468.8,0.999943,0.9999292
1643791775178566.5,0.999943,0.9999317272727274
1643791828736970.0,0.9999423999999999,0.9999331999999999
1643791890139275.5,0.9999429000000001,0.9999355
1643791942699127.0,0.9999422941176471,0.9999368235294118
1643792016767824.8,0.9999419090909091,0.9999328636363636
1643792071220052.0,0.9999409444444444,0.9999197222222223
1643792149412954.8,0.9999393333333334,0.9999131666666666
1643792203710328.0,0.9999366666666667,0.9999058518518519
1643792259181684.8,0.9999336428571428,0.9999059285714286
1643792325934622.8,0.9999324285714286,0.9998998333333333
1643792364104194.2,0.9999308666666666,0.9998947666666667
1643792427043350.0,0.999929894736842,0.9998967894736841
1643792497866591.8,0.9999288333333333,0.9999025
1643792557840294.8,0.9999276470588235,0.9999069411764706
1643792616501040.5,0.9999268571428572,0.9999115714285713
1643792682916528.2,0.9999251904761904,0.9998933809523809
1643792735894981.2,0.9999235384615385,0.9998962307692308
1643792794582093.0,0.9999214583333332,0.9998998333333334
1643792851354150.8,0.9999199285714286,0.9998925714285714
1643792904428585.2,0.99991884,0.99987804
1643792982178793.5,0.9999175333333333,0.999893
1643793034894302.5,0.9999169333333333,0.999893
1643793095490995.0,0.9999156,0.999893
1643793165003434.2,0.9999145555555555,0.9998929999999999
1643793211321526.0,0.999913894736842,0.9998933157894738
1643793263840152.0,0.9999143125,0.999894
1643793347039906.0,0.9999169166666667,0.999894
1643793393623334.0,0.99991645,0.999894
1643793452666279.0,0.99991575,0.999894
1643793504436037.0,0.9999159166666667,0.999894
1643793573054307.8,0.999916,0.9998945384615384
1643793637296140.8,0.9999158235294118,0.9998956470588235
1643793696508485.5,0.9999158461538461,0.9998973846153846
1643793751976593.5,0.999916,0.99989925
1643793802328486.5,0.999916,0.999901
1643793876603637.8,0.9999160000000001,0.9999018333333334
1643793933117015.0,0.9999160000000001,0.999905
1643793991013191.0,0.999916,0.99990625
1643794060117707.2,0.9999440439560439,0.999894978021978
1643794108524302.2,0.9999358333333332,0.9998929166666666
1643794170345515.2,0.99992728,0.99989312
1643794241306609.2,0.9999239375,0.999893
1643794302457493.0,0.9999223125,0.9998924375
1643794364960558.5,0.9999203999999999,0.999892
1643794420230106.8,0.9999185,0.999892
1643794482405859.8,0.9999162857142857,0.999892
1643794536198955.2,0.9999142857142856,0.999892
1643794600918106.0,0.9999125000000001,0.9998921666666667
1643794661196108.5,0.9999117741935484,0.9998927741935484
1643794715850739.5,0.9999107058823529,0.9998929999999999
1643794769631543.0,0.9999099523809524,0.9998929999999999
1643794826215615.8,0.9999088571428573,0.9998929999999999
1643794886938653.2,0.9999079523809523,0.9998929999999999
1643794941790160.2,0.999907,0.9998933181818181
1643795013044086.5,0.9999068478260869,0.9998927826086957
1643795069669222.2,0.9999058064516129,0.9998927419354838
1643795124650480.0,0.999904875,0.9998925937500001
1643795196379244.2,0.9999037916666667,0.9998927083333333
1643795248543332.2,0.9999028787878788,0.9998929696969697
1643795315613055.8,0.99990172,0.999893
1643795369049479.5,0.9999009285714286,0.9998925952380953
1643795430116876.0,0.9998998888888888,0.9998926666666667
1643795490631218.2,0.9998988333333333,0.999893
1643795548312545.2,0.9998978518518519,0.9998923703703704
1643795615079895.5,0.9998967857142856,0.9998927142857142
1643795676635702.5,0.9998959444444444,0.9998929999999999
1643795731139216.8,0.9998948260869566,0.9998924782608697
1643795800100745.5,0.999893923076923,0.9998923076923076
1643795854342788.0,0.9998929999999999,0.999892
1643795901096942.5,0.999893,0.999892
1643795975851880.8,0.999893,0.999892
1643796036088268.8,0.9998929999999999,0.999892
1643796102466281.2,0.999893,0.9998919999999999
1643796160619880.8,0.999893,0.999892
1643796203255409.0,0.999893,0.999892
1643796264468220.5,0.999893,0.999892
1643796322764784.5,0.9998929999999999,0.999892
1643796394954265.0,0.9998929999999999,0.999892
1643796446586453.8,0.999893,0.999892
1643796518213312.0,0.9999149729729729,0.9998925945945946
1643796569540200.2,0.9999345909090909,0.9998962727272727
1643796631560275.2,0.9999347096774194,0.9998994838709677
1643796695251935.2,0.9999332727272727,0.9999054545454545
1643796758234283.8,0.999933,0.9999061379310344
1643796821179088.5,0.999933,0.9999063333333333
1643796871788326.8,0.9999329999999998,0.9999072142857143
1643796922044028.5,0.9999330000000001,0.9999078499999999
1643796993112297.8,0.999933,0.9999090540540542
1643797051109680.0,0.9999330000000001,0.9999100434782607
1643797115198552.2,0.999933,0.9999103181818182
1643797175194367.0,0.999933,0.9999111111111111
1643797234493659.5,0.99993295,0.9999121500000001
1643797298744567.2,0.999933,0.999913238095238
1643797342449824.2,0.9999329545454546,0.9999139545454546
1643797415493467.0,0.9999328644067796,0.9999141186440678
1643797474241782.8,0.9999319999999999,0.999914
1643797532867428.0,0.9999319999999999,0.999914
1643797581732269.2,0.999932,0.999914
1643797643922380.2,0.999932,0.999914
1643797710825148.0,0.9999319999999999,0.999914
1643797778914188.8,0.9999318709677419,0.9999009032258065
1643797830087526.2,0.9999301428571429,0.9998920714285714
