timestamp_x,ask_price,bid_price
1646092827286928.0,0.99979584375,0.9997771041666667
1646092898828100.5,0.9998087826086955,0.9997900869565217
1646092950584360.0,0.9998064585635359,0.9997912486187845
1646093013869818.2,0.9997923559322034,0.9997848983050848
1646093076521721.0,0.9997914038461538,0.9997852692307692
1646093136246740.0,0.9998033353293412,0.9997880119760478
1646093183396232.2,0.9997991610169492,0.9997875593220339
1646093256346464.2,0.9997877162162162,0.9997848378378378
1646093313920824.2,0.9997869154929577,0.999785
1646093378482796.0,0.9997861515151514,0.9997843181818182
1646093429461623.0,0.9998038284023669,0.9997833875739645
1646093497983125.5,0.9997978163265306,0.9997838979591837
1646093547342029.0,0.9997987582417581,0.9997842967032967
1646093608301519.8,0.9997944787234043,0.9997840106382979
1646093668001954.5,0.9997849512195122,0.9997836585365854
1646093742024486.0,0.9998271461988304,0.9997911111111111
1646093787268583.8,0.9998662556818182,0.9998331022727274
1646093854975745.0,0.9998466287128713,0.9998291683168318
1646093899858471.2,0.9998346542553193,0.9998158085106383
1646093969117398.5,0.999824,0.999823
1646094032289791.8,0.9998240000000002,0.999823
1646094108146610.0,0.9998210344827586,0.9998047413793103
1646094146529304.8,0.9998103541666666,0.99978375625
1646094215128441.8,0.999799018404908,0.9997701226993865
1646094260017139.5,0.9998076524822695,0.9997861560283687
1646094329149648.2,0.9998050058479532,0.9997881081871345
1646094385194286.0,0.9997953950617284,0.9997840987654321
1646094460779922.2,0.9998076419753087,0.9997851358024692
1646094510249824.5,0.9998069391304347,0.9997876434782609
1646094570242496.0,0.9998115483870967,0.9997895322580644
1646094637780219.8,0.9998113411764705,0.9997921019607844
1646094676822080.2,0.9998029723756906,0.9997931933701658
1646094757208107.5,0.9998092032967032,0.9997949285714285
1646094804215078.2,0.9998100625,0.99979634375
1646094871121214.5,0.9998092679425837,0.9997907942583732
1646094931561451.0,0.9997989814814815,0.9997842962962963
1646094984256262.5,0.99979832,0.9997846
1646095053807784.2,0.999797375,0.9997855208333334
1646095117059683.8,0.9998083442028987,0.9997896268115942
1646095151672594.5,0.9998137345132744,0.9998040353982302
1646095227601248.8,0.999816,0.999815
1646095284365200.5,0.9998160377358492,0.9998145471698112
1646095342186318.5,0.9998163076923077,0.999815
1646095397564412.2,0.9998146551724137,0.9998134137931034
1646095467901840.5,0.999814,0.999813
1646095531979150.8,0.999814,0.999813
1646095576800302.8,0.999807268115942,0.999783463768116
1646095646100946.0,0.9997968913043478,0.9997768043478261
1646095731200643.2,0.9998099663865546,0.9997876302521008
1646095766995569.2,0.9998129690140846,0.9997901492957746
1646095833780696.8,0.9998136615384615,0.999794716923077
1646095895569658.8,0.9998121165919283,0.9997993542600897
1646095958965816.8,0.9998159536423841,0.9998023046357616
1646096009021509.2,0.9998124127659574,0.9998039999999999
1646096057282528.2,0.9998052666666666,0.9998026933333334
1646096128774947.5,0.9998003018867925,0.9997854339622642
1646096199918881.2,0.99979658,0.99978488
1646096262655935.2,0.9997951794871796,0.9997843333333333
1646096318028148.2,0.9997946999999999,0.9997851400000001
1646096379815903.5,0.9997939999999998,0.9997851666666667
1646096440310793.2,0.9998068547008547,0.9997878888888889
1646096482496513.0,0.9998026320754717,0.9997878962264152
1646096555174220.8,0.9997976764705883,0.9997842352941175
1646096615878677.5,0.999797350877193,0.999785192982456
1646096669050616.5,0.999798,0.9997874666666667
1646096733834664.2,0.9998109137529138,0.999789641025641
1646096798407549.8,0.9998132938775509,0.9997904897959183
1646096859148324.2,0.9998118853503184,0.999791464968153
1646096915681910.0,0.9998116744186047,0.9997885348837209
1646096967056894.2,0.9997990185185186,0.9997846296296297
1646097036834185.8,0.9997969583333334,0.999785375
1646097096981432.8,0.9998044605263159,0.9997863947368422
1646097154792281.2,0.9998217361111111,0.9997892361111111
1646097210202474.2,0.9998062137931034,0.9997915931034481
1646097277864776.2,0.9997986714285714,0.9997935428571427
1646097337135180.8,0.9997992580645161,0.9997946989247312
1646097401552361.5,0.9998138429752066,0.9997958016528925
1646097454794289.5,0.9998189448275863,0.9997986137931034
1646097512481280.0,0.9998191983122363,0.9998007257383966
1646097572546386.0,0.9998182469135801,0.9998015185185186
1646097619315024.5,0.9998237931034484,0.9998135862068965
1646097690004652.2,0.999824,0.999823
1646097745905900.0,0.999824,0.999823
1646097809523562.5,0.999824,0.9998229999999999
1646097885112375.8,0.9998240000000002,0.9998165
1646097927338306.8,0.999824,0.999823
1646097991456018.8,0.999824,0.9998230000000001
1646098047207757.2,0.999824,0.999823
1646098105765269.0,0.9998240000000002,0.999823
1646098170372012.5,0.999824,0.9998230000000001
1646098230804436.8,0.9998240000000002,0.999823
1646098285695295.2,0.9998239999999999,0.999823
1646098349236284.8,0.999824,0.999823
1646098406486325.5,0.999824,0.999823
1646098474505822.5,0.999824,0.9998229999999999
1646098522183793.5,0.999824,0.999804619047619
1646098599386788.8,0.999824,0.9998230000000001
1646098657438157.2,0.999824,0.999823
1646098705123108.2,0.9998239999999999,0.9998229999999999
1646098772417113.0,0.9998253076923077,0.999823641025641
1646098838073517.2,0.9998263111111112,0.9998250000000001
1646098892460773.8,0.9998268823529411,0.9998255490196077
1646098949068068.5,0.999828,0.999827
1646099015879448.0,0.9998282352941177,0.9998271470588236
1646099080961531.5,0.999829,0.999828
1646099132203124.8,0.999829,0.999828
1646099199140797.0,0.9998289999999999,0.999828
1646099269564856.2,0.9998274117647059,0.9998253529411765
1646099304285866.2,0.9998256354166667,0.9998231145833333
1646099370813428.0,0.999824,0.999823
1646099442754394.0,0.999826694214876,0.9998230578512396
1646099489315203.2,0.9998274153846154,0.9998241653846153
1646099546952789.0,0.9998244736842106,0.999823
1646099607025331.0,0.9998239999999999,0.999823
1646099669252697.8,0.999824,0.9998112857142858
1646099732399070.8,0.999824,0.9998230000000001
1646099789453325.2,0.9998241875,0.999823
1646099865310762.8,0.9998288105263159,0.9998241789473685
1646099919631940.5,0.9998291263736263,0.9998253791208791
1646099961582293.2,0.9998291949685536,0.9998272264150944
1646100027078155.8,0.9998301052631579,0.9998287631578947
1646100093094544.8,0.999831,0.9998300000000001
1646100142849953.5,0.999831870967742,0.9998306129032257
1646100213281103.0,0.9998329999999999,0.9998320000000002
1646100264886311.2,0.999833,0.9998320000000002
1646100344320066.2,0.9998283333333333,0.9998247163120568
1646100376942003.8,0.9998262307692308,0.9998240598290599
1646100461691581.0,0.9998301344086021,0.9998266505376344
1646100504717164.0,0.9998314651162792,0.9998289379844962
1646100583857278.2,0.9998343291139241,0.9998325316455697
1646100622972592.0,0.9998350294117647,0.9998334117647057
1646100689936105.0,0.999836,0.9998350000000001
1646100756555541.2,0.999836,0.9998350000000001
1646100824182766.8,0.9998337714285714,0.9998266285714286
1646100864624472.5,0.9998303165467626,0.9998252446043165
1646100922850871.5,0.999834761904762,0.9998279523809525
1646100990314999.0,0.9998345937500001,0.9998318125
1646101046297335.0,0.999835108108108,0.9998335945945945
1646101118134484.2,0.999836,0.999835
1646101160419770.8,0.9998331759259259,0.9997745462962963
1646101234243340.5,0.999824,0.9998230000000001
1646101273359201.5,0.999824,0.999823
1646101346058037.2,0.999824,0.999823
1646101419009142.8,0.999824,0.9998229999999999
1646101464098750.8,0.999824,0.9998230000000001
1646101528095798.2,0.999824,0.999823
1646101609290552.2,0.9998282205882354,0.9998233529411765
1646101643782447.5,0.999830317948718,0.9998240974358974
1646101699181893.2,0.9998283873873874,0.9998248828828828
1646101770634121.5,0.999825,0.999824
1646101836894934.2,0.999825,0.9998239999999999
1646101889795980.2,0.9998309090909091,0.9998263884297521
1646101946526402.8,0.9998313580786026,0.9998273799126638
1646102029018158.8,0.9998323448275863,0.9998292183908045
1646102067274212.8,0.9998318623188406,0.9998294637681159
1646102127231447.0,0.9998314807692308,0.9998301346153846
1646102188327125.2,0.999832,0.9998307083333334
1646102251640755.8,0.999833,0.999832
1646102308609038.8,0.999833,0.9998320000000002
1646102380529677.2,0.9998330000000001,0.999832
1646102416332099.2,0.999833,0.9998319999999999
1646102498585429.2,0.999833,0.9998319999999999
1646102537434202.2,0.9998341500000001,0.99983285
1646102603815342.0,0.999834,0.999833
1646102679759012.8,0.999834,0.9998330000000001
1646102731349580.8,0.9998348095238095,0.9998337619047619
1646102796462895.0,0.999835,0.999834
1646102842209144.2,0.9998349999999999,0.999834
1646102911920244.0,0.9998350000000001,0.999834
1646102972572111.2,0.999835,0.999834
1646103025403296.5,0.999835,0.9998340000000001
1646103084825699.5,0.9998353783783784,0.9998343513513513
1646103149288844.5,0.9998359999999998,0.999835
1646103201156749.2,0.999836,0.9998350000000001
1646103272253023.8,0.9998359999999998,0.999835
1646103338610716.0,0.999836,0.999835
1646103401772391.5,0.999836,0.9998350000000001
1646103468673600.8,0.9998333846153846,0.9998279846153847
1646103502579626.0,0.999829496,0.999824424
1646103573656807.0,0.999825076923077,0.999824
1646103630206616.2,0.999825,0.999824
1646103695175211.5,0.999825,0.999824
1646103750888817.0,0.999825,0.9998240000000002
1646103816968378.2,0.9998249999999999,0.999824
1646103864637678.8,0.9998249999999999,0.999824
1646103928648109.5,0.9998249999999999,0.999824
1646103986041124.8,0.999825,0.999824
1646104049929392.8,0.999825,0.999824
1646104112449169.8,0.9998250000000001,0.999824
1646104173075719.0,0.999825,0.999824
1646104220914797.5,0.999825,0.9998240000000002
1646104289761120.8,0.9998242857142857,0.9998231785714287
1646104359321822.5,0.999824,0.9998172592592593
1646104406165018.0,0.999824,0.999823
1646104479563542.8,0.999824,0.999823
1646104545466733.2,0.999809518918919,0.9997935243243243
1646104595403071.8,0.9997988961038962,0.9997953246753247
1646104649756925.0,0.9997989368421052,0.999794947368421
1646104704314170.5,0.9998087826086958,0.9997967391304349
1646104772879132.8,0.9998069811320754,0.9997997075471698
1646104840037102.0,0.9998095367231637,0.9998019548022599
1646104888794314.5,0.9998107508090616,0.9998035598705501
1646104946938767.0,0.99981253515625,0.9998039882812501
1646105013034498.0,0.9998203125,0.9998051875
1646105057569538.0,0.9998142604166667,0.99980334375
1646105138837117.8,0.999797,0.9997950294117648
1646105185291797.5,0.9997970000000002,0.9997960000000001
1646105252391741.5,0.999797,0.999796
1646105309864001.8,0.9998185405844157,0.9997848165584415
1646105365813914.0,0.9998112107142857,0.9997875535714286
1646105438203577.0,0.999824475409836,0.9998048770491803
1646105489715475.5,0.999825125382263,0.9998076207951071
1646105544299870.5,0.9998312876712329,0.999809406392694
1646105610558968.0,0.999826432835821,0.9998134589552238
1646105688964728.5,0.9998268783783784,0.9998166756756757
1646105731809566.0,0.9998300478087649,0.9998189760956175
1646105789604670.0,0.9998285760517799,0.9998207540453075
1646105852483952.5,0.9998291882716049,0.9998232901234568
1646105906465198.8,0.9998312591240875,0.9998271423357663
1646105972318158.0,0.9998289999999999,0.999828
1646106023003866.5,0.999829,0.999828
1646106087604374.8,0.9998324008264463,0.9998292768595042
1646106150793411.2,0.999833,0.999831105263158
1646106209644694.8,0.9998335192307692,0.9998318076923078
1646106274913168.0,0.9998340000000001,0.9998329999999999
1646106337596237.5,0.999834,0.999833
1646106380623325.8,0.9998347222222222,0.9998336666666666
1646106448611909.0,0.9998350000000001,0.999834
1646106519955788.8,0.9998198583333333,0.99981025
1646106579989712.8,0.9998073125,0.999806
1646106630369122.8,0.999807,0.9998060000000001
1646106689295729.5,0.999807,0.9998059999999999
1646106752463205.0,0.999807,0.999806
1646106796563299.8,0.99980655,0.9998053
1646106886508084.5,0.9998058260869565,0.9997923913043479
1646106914504825.5,0.9998006515151516,0.9997780303030303
1646106996141977.0,0.99979572,0.99978364
1646107060147532.0,0.9997944857142856,0.9997839428571429
1646107105765200.8,0.9997933928571429,0.9997831785714285
1646107171199406.2,0.9997921290322581,0.9997831290322581
1646107241065916.8,0.999790611111111,0.9997839444444444
1646107294130865.0,0.9997890714285714,0.9997816904761905
1646107360315207.2,0.9997879199999999,0.9997841599999999
1646107425142856.2,0.9997992,0.9997857454545455
1646107479057026.2,0.999799,0.9997865576923076
1646107528913245.0,0.999799,0.9997877636363636
1646107597520883.5,0.9998083023255814,0.9997886627906977
1646107645278806.5,0.999805618556701,0.9997894329896907
1646107713526512.8,0.9998078070175438,0.9997906228070175
1646107760076526.8,0.9998087884615384,0.9997914423076922
1646107830919413.8,0.9998129909090909,0.9997927090909091
1646107904899123.5,0.999816173076923,0.9997967115384616
1646107946824754.8,0.9997996666666668,0.9997969999999999
1646108012724946.5,0.9998179491525423,0.9998004322033898
1646108081276968.8,0.999827125,0.9998024166666667
1646108124811860.8,0.9998162382671479,0.999803155234657
1646108189256087.5,0.9998108164794006,0.9998042209737827
1646108236938867.0,0.9998088624999999,0.99980475
1646108304925849.8,0.9998049999999999,0.999804
1646108369616769.0,0.999805,0.999804
1646108431580845.8,0.999805,0.999804
1646108514400532.8,0.9998028571428571,0.9997880714285714
1646108537647842.8,0.9997991555555557,0.9997833111111111
1646108606823386.5,0.9997968181818183,0.9997837727272727
1646108680551947.8,0.9997956363636363,0.9997834999999999
1646108733155940.2,0.9997949047619047,0.9997839523809524
1646108799533853.5,0.9997938636363636,0.999784
1646108863114063.8,0.9997925348837209,0.9997838604651164
1646108921778936.0,0.9997915833333333,0.99978325
1646108970284926.0,0.9997908235294117,0.9997835294117647
1646109021238100.0,0.9997899166666667,0.9997836666666666
1646109096053929.5,0.999805724137931,0.9997848045977011
1646109158793799.8,0.999814909090909,0.9997874343434343
1646109209083963.8,0.9998132122905028,0.9997880893854749
1646109282627152.2,0.9998113186813188,0.9997894725274725
1646109313976151.5,0.9998018604651163,0.9997897209302326
1646109382615462.0,0.9998137718631179,0.9997885247148289
1646109467160991.5,0.9998105,0.9997831282051283
1646109495255467.5,0.9998001200000001,0.99978272
1646109577604262.5,0.99979525,0.9997832857142858
1646109641920160.5,0.9998051772575252,0.9997845050167223
1646109692273615.2,0.999806762295082,0.999785368852459
1646109760874953.2,0.9998050833333334,0.9997864375
1646109815249321.0,0.9998169999999998,0.9997884166666666
1646109879502710.5,0.9998198620689656,0.9997913793103448
1646109933623776.5,0.9998190714285714,0.9997936785714286
1646109994185940.5,0.9998195,0.9997950555555555
1646110065205515.0,0.9998194102564104,0.9997865897435898
1646110104955254.5,0.9998075323383084,0.9997832736318407
1646110183213880.8,0.9997953599999999,0.9997832
1646110227470533.5,0.9997928108108108,0.9997835405405405
1646110290756297.5,0.9997916621621622,0.9997841486486486
1646110346558908.8,0.9997909387755102,0.9997843469387755
1646110406842201.2,0.9997909666666666,0.9997843
1646110473130601.5,0.999791,0.9997844390243903
1646110521266280.5,0.999791,0.9997843529411765
1646110583987488.2,0.999791,0.9997861
1646110647545260.0,0.9997894545454545,0.9997855227272727
1646110713280582.2,0.9997876153846155,0.9997833461538461
1646110776916518.0,0.9997867721518987,0.9997838101265824
1646110834697763.0,0.9997868,0.999785
1646110903454377.5,0.99979816,0.99978632
1646110957441531.8,0.9997990000000001,0.9997871764705882
1646111012732898.5,0.9997976428571428,0.9997854642857142
1646111078729215.2,0.9997960000000001,0.99978435
1646111134718196.0,0.9997955384615385,0.9997837307692308
1646111197732621.8,0.9997937777777778,0.999784111111111
1646111257910408.5,0.999792717948718,0.999784
1646111312769249.5,0.9997913846153845,0.9997841538461538
1646111385208549.0,0.9997898888888889,0.9997843333333333
1646111440967903.0,0.999788625,0.9997841875
1646111500273958.0,0.9997877407407407,0.9997841481481481
1646111560150537.5,0.9997869090909091,0.9997843636363637
1646111627251971.2,0.9997869729729729,0.9997848108108108
1646111670884202.5,0.999787,0.999785
1646111737547776.2,0.9997953409090908,0.9997853295454546
1646111787297613.8,0.9998057123745819,0.9997847090301004
1646111851345082.8,0.9997985128205128,0.9997834615384615
1646111915081851.5,0.999796962962963,0.9997841481481481
1646111978200484.8,0.9997956590909091,0.9997839318181818
1646112039537304.0,0.9997946666666667,0.999783619047619
1646112095418525.2,0.9997938333333334,0.9997841666666667
1646112155353686.0,0.9997928787878789,0.9997841212121212
1646112201770967.8,0.9997916153846155,0.9997844615384616
1646112278080752.0,0.9997899,0.99978455
1646112334791904.5,0.9997888666666667,0.9997841333333334
1646112400193895.2,0.9997879444444444,0.9997843055555555
1646112464550171.0,0.999788,0.999786
1646112525963573.8,0.999788,0.999786
1646112558028741.8,0.999787894736842,0.999785394736842
1646112631569823.8,0.999787794117647,0.9997850882352942
1646112691934207.5,0.9997879677419355,0.9997853548387097
1646112741793846.5,0.9997876666666666,0.9997851666666667
1646112807862066.8,0.9997878461538462,0.999785
1646112855016454.0,0.999787875,0.999785
1646112931806696.0,0.9997879,0.9997849999999999
1646112981874262.5,0.999788,0.9997858461538461
1646113042338046.8,0.999788,0.9997870000000001
1646113111331045.2,0.999800874251497,0.9997872994011977
1646113180905321.5,0.9997977307692308,0.9997871153846153
1646113240327873.8,0.9997955555555555,0.9997865555555556
1646113287781956.2,0.9997913529411764,0.9997831176470588
1646113368579959.0,0.9997870454545453,0.9997830454545454
1646113419326773.5,0.999786847826087,0.9997831304347826
1646113476065252.5,0.9997868888888889,0.9997851851851851
1646113526753814.2,0.999805577114428,0.9997876368159204
1646113595204066.5,0.999801,0.9998
1646113651743062.8,0.999801,0.9998000000000001
1646113716574288.0,0.9997999423076924,0.9997862115384616
1646113785108123.0,0.9997979545454545,0.9997842272727273
1646113844200837.5,0.9998015405405405,0.9997847477477477
1646113900083777.5,0.9998108074534161,0.9997862919254658
1646113944277425.2,0.9998116495726496,0.9997872905982905
1646114010320025.8,0.9998075066666666,0.9997885333333333
1646114061780550.2,0.9998111428571429,0.9997915102040816
1646114127763789.8,0.9998103125,0.99980346875
1646114202352998.0,0.9998068,0.9998052
1646114236205296.0,0.999809303030303,0.9998058484848484
1646114302339370.0,0.9998008524590165,0.9997839344262295
1646114387746594.0,0.9998066293103448,0.9997855517241379
1646114408549636.0,0.9998002784810127,0.9997864430379746
1646114493596081.0,0.9997986153846153,0.9997872692307692
1646114568178472.8,0.9997999838709678,0.9997907419354839
1646114617764544.0,0.9998001868131868,0.9997924615384616
1646114671872548.8,0.9998028307692307,0.9997938846153847
1646114732456020.5,0.9998031226415094,0.9997958962264151
1646114802436675.8,0.9998005,0.9997972666666667
1646114864264310.0,0.9998091046511628,0.9997994534883721
1646114917465073.8,0.9998107864077669,0.9998007281553399
1646114966751331.2,0.9998113483146067,0.9998018651685393
1646115036381075.5,0.9998116571428572,0.9998043999999999
1646115094999216.0,0.9998116937500001,0.9998071
1646115152529134.8,0.999812632034632,0.9998083939393939
1646115212151939.2,0.9998133488372093,0.9998092883720929
1646115272463352.8,0.9998138778280543,0.9998102760180995
1646115325215071.2,0.999815306122449,0.9998136530612244
1646115396024650.2,0.9998153793103448,0.9998142413793104
1646115455838270.0,0.999815,0.9998140000000001
1646115507643804.2,0.999815,0.999814
1646115564009770.0,0.999815,0.999814
1646115613855044.5,0.999815,0.999814
1646115694426619.8,0.999815,0.999814
1646115754611943.0,0.9998148888888889,0.9998137407407407
1646115822397809.5,0.999814,0.999813
1646115869902998.0,0.999814,0.9998104687499999
1646115934850621.2,0.999814,0.999813
1646115986001122.0,0.9998140000000001,0.9998130000000001
1646116057645126.8,0.999814,0.999813
1646116119416627.5,0.9998158666666667,0.9998134333333334
1646116169619499.8,0.9998151818181819,0.999814
1646116244613656.0,0.9998150000000001,0.9998140000000001
1646116298206317.0,0.9998150000000001,0.9998140000000001
1646116359095183.5,0.999815,0.999814
1646116394781856.5,0.999815,0.999814
1646116459661192.0,0.999815,0.9998140000000001
1646116541304577.8,0.9998150000000001,0.999814
1646116581349472.0,0.999815,0.999814
1646116636118760.8,0.999818099009901,0.9998144950495049
1646116708706906.8,0.9998169803921568,0.9998143333333332
1646116780951721.0,0.9998146666666666,0.9998133333333333
1646116829333546.0,0.9998145789473684,0.9998134736842105
1646116897638330.0,0.9998146,0.9998134000000001
1646116960404981.8,0.9998075928571428,0.9997830142857141
1646116999463936.5,0.9997987586206896,0.9997836206896552
1646117082903413.0,0.9997977777777778,0.9997838518518519
1646117142470630.5,0.9997965,0.9997839375
1646117192467873.8,0.9997957727272727,0.9997834090909091
1646117264167105.0,0.9997946666666666,0.9997840666666666
1646117313236033.8,0.9997937307692308,0.9997838846153846
1646117381522839.5,0.9997927619047619,0.9997834761904763
1646117440881445.0,0.99979175,0.999784125
1646117497033504.0,0.99980475,0.9997850833333334
1646117549023810.5,0.9998035035971223,0.9997866043165468
1646117631176147.5,0.9997985238095237,0.9997882380952381
1646117664838476.8,0.9997988684210526,0.9997884473684211
1646117726897334.0,0.9997988289473685,0.9997886052631579
1646117798126811.2,0.9997979999999999,0.9997856666666666
1646117851450896.0,0.999800171875,0.999784015625
1646117917554929.8,0.9998061714285713,0.9997866857142856
1646117983379588.5,0.9998085263157894,0.9997877631578946
1646118014295489.0,0.9998017878787879,0.9997900151515152
1646118090968139.2,0.99979875,0.9997912499999999
1646118159219226.5,0.9997988913043478,0.999792152173913
1646118214176390.0,0.9998089103448277,0.9997934689655172
1646118267740798.2,0.9998053913043478,0.9997945054347825
1646118330203688.8,0.9998061746987952,0.999795548192771
1646118401047329.2,0.9998073777777777,0.9997963925925926
1646118459255934.5,0.9998118,0.9997984000000001
1646118510494239.2,0.9998115454545455,0.9998004545454545
1646118574934467.5,0.9998115238095238,0.9998021428571429
1646118639896374.5,0.999820298892989,0.9998038302583027
1646118691849905.0,0.9998195502645502,0.9998060476190477
1646118738955333.8,0.9998159342105264,0.9998073421052632
1646118818622441.0,0.9998118333333333,0.999808138888889
1646118886934627.2,0.9998145222222222,0.999808088888889
1646118930442138.8,0.99981709486166,0.9998126482213439
1646118978112864.2,0.9998192666666667,0.9998159076923077
1646119065097414.5,0.9998070697674418,0.9997892325581396
1646119103646388.2,0.9997981333333333,0.9997875555555555
1646119178488747.2,0.9997963513513515,0.999788027027027
1646119226794499.8,0.9997959411764706,0.9997888235294118
1646119284924275.0,0.9997960000000001,0.99979
1646119344377823.8,0.9997937352941176,0.9997888529411765
1646119414134822.8,0.9997902083333333,0.999787125
1646119474804814.0,0.9997887000000001,0.9997869999999999
1646119541140300.2,0.9997874615384615,0.9997841538461538
1646119595046049.2,0.9997864848484848,0.9997839393939395
1646119649475981.8,0.9998126888888889,0.999787
1646119705033148.2,0.9998088857142857,0.999789175
1646119763344151.5,0.9998084880952381,0.9997904841269841
1646119832175357.2,0.9998157916666668,0.9997914305555555
1646119873837777.2,0.9998093365853659,0.9997926829268293
1646119956131969.2,0.9997985428571428,0.9997922571428572
1646120022268875.0,0.9997989666666667,0.9997931333333334
1646120074337288.8,0.999798,0.9997943125
1646120134937674.2,0.9997979999999999,0.9997957368421053
1646120205353855.8,0.999798,0.999797
1646120253916449.5,0.999798,0.999797
1646120306016670.2,0.999798,0.9997970000000002
1646120376647219.0,0.999798,0.9997970000000002
1646120443134663.0,0.999798,0.999797
1646120496566624.8,0.9998108870967742,0.9997986612903226
1646120542488155.8,0.9998131773049646,0.9998015035460993
1646120606781744.0,0.9998181666666667,0.9998169999999998
1646120673628451.0,0.9998180909090909,0.9998170000000001
1646120716996497.0,0.9998179999999999,0.9998170000000001
1646120799152810.5,0.999818,0.999817
1646120841135406.5,0.999818,0.999817
1646120920555193.0,0.9998179999999999,0.9998170000000001
1646120980860272.2,0.999818,0.9998170000000001
1646121038465156.2,0.999818,0.999817
1646121098384366.8,0.9998208411214953,0.9998182242990654
1646121150042120.5,0.9998215609756097,0.9998191707317073
1646121206864211.0,0.999821593220339,0.9998200338983051
1646121270899976.0,0.9998222916666667,0.999821
1646121326253459.8,0.9998193902439024,0.9998161951219512
1646121395762748.0,0.9998186976744187,0.9998161860465117
1646121442198337.2,0.999817,0.999816
1646121523015691.2,0.9998202093023256,0.9998162093023256
1646121569836621.0,0.999820546875,0.999816
1646121634303753.5,0.9998208269230768,0.9998163461538462
1646121677435072.2,0.9998197692307692,0.999816717948718
1646121744514092.0,0.9998193333333334,0.9998172083333333
1646121818432385.5,0.9998208449612404,0.9998181395348837
1646121871244055.2,0.9998157894736842,0.9998069824561403
1646121928313349.8,0.999807282208589,0.9997937607361964
1646121976303132.2,0.999820875,0.999796125
1646122054884526.8,0.9998186432160804,0.9997991306532663
1646122111091717.0,0.9998193064516129,0.9998009677419355
1646122169685663.5,0.9998198093220338,0.9998026186440678
1646122229965671.5,0.9998216811023622,0.9998033937007874
1646122292066414.5,0.9998170469483567,0.9998042112676057
1646122335406525.5,0.9998089873417721,0.9998047848101266
1646122412627995.8,0.999805,0.9998039999999999
1646122467799199.8,0.9998049999999999,0.999804
1646122521014045.0,0.9998049999999999,0.999804
1646122583618326.0,0.999805,0.999804
1646122648313630.5,0.9998032763157895,0.9997919429824561
1646122709403226.8,0.99980346875,0.99979103125
1646122771145824.0,0.9998207666666666,0.9997914
1646122818548681.5,0.9998108581560283,0.9997910496453901
1646122887676640.0,0.999799,0.99979184
1646122952336711.8,0.999799,0.9997921290322581
1646123012312082.8,0.999799,0.999792125
1646123077316244.2,0.999799,0.9997929999999999
1646123128483688.0,0.9997966842105264,0.999793
1646123185189350.0,0.999798052631579,0.9997937368421053
1646123261650441.2,0.9997972222222222,0.9997954444444443
1646123318826464.2,0.9997978478260869,0.9997694782608696
1646123374325495.8,0.9997958064516129,0.999762064516129
1646123438655119.2,0.999795,0.999763
1646123501459284.2,0.999795,0.9997647692307693
1646123562671552.0,0.9997946842105264,0.9997657894736843
1646123600336007.2,0.9997860937499999,0.999743375
1646123670623808.0,0.9997826875000001,0.9997486041666667
1646123729220325.2,0.9997899375,0.99975321875
1646123788979406.2,0.9997983695652174,0.9997594130434784
1646123860699128.2,0.9997966486486487,0.9997556756756757
1646123904692798.8,0.99979046875,0.99974984375
1646123979300225.8,0.9997878214285715,0.9997486428571428
1646124040243287.0,0.9997866206896551,0.9997473793103449
1646124094139645.5,0.9997858666666666,0.9997474333333334
1646124155469734.0,0.99978485,0.9997474000000001
1646124219937500.5,0.9997839047619047,0.9997483809523809
1646124276293179.2,0.9997839000000001,0.99974995
1646124324872869.2,0.9997857142857143,0.9997530476190475
1646124398134536.8,0.9997867083333333,0.9997563333333334
1646124447707856.8,0.9997946944444445,0.9997584722222221
1646124515294002.8,0.9997990425531915,0.9997601276595744
1646124579073022.8,0.9997995333333333,0.9997623333333333
1646124637438297.2,0.9997989523809524,0.9997631428571429
1646124701592405.5,0.9997994375,0.999765875
1646124758406962.0,0.9997993913043478,0.9997735217391304
1646124822380087.8,0.9997985454545454,0.9997802727272728
1646124887063005.5,0.9997978125,0.99978175
1646124941253483.2,0.9997971666666667,0.99978225
1646124996180413.0,0.9997966923076924,0.9997831538461538
1646125050390915.8,0.9997981666666668,0.999784
1646125105999235.2,0.9998001999999999,0.9997850500000001
1646125160824176.0,0.99979353125,0.999787
1646125255734564.5,0.9997959047619047,0.9997873333333333
1646125286891535.0,0.9997971551724139,0.9997882413793103
1646125341426682.2,0.9997990833333333,0.9997893333333333
1646125403001245.8,0.9997968965517241,0.9997893448275863
1646125474648825.8,0.9997956818181819,0.9997795
1646125539433198.0,0.9997947037037037,0.9997778148148149
1646125598418310.0,0.999794,0.9997788260869566
1646125634054139.8,0.9997932941176471,0.9997777941176471
1646125718466996.2,0.9997888333333332,0.999777
1646125770943250.2,0.9997871851851853,0.9997777777777778
1646125832663485.5,0.9997857826086956,0.9997778260869564
1646125882654844.8,0.9997844583333334,0.9997775416666667
1646125946735387.5,0.99978376,0.9997779999999998
1646126008396984.0,0.9997832857142858,0.9997778285714286
1646126079870878.5,0.9997814545454545,0.999778
1646126132887628.5,0.9997807307692308,0.999778
1646126189756855.0,0.99978,0.9997785925925925
1646126255157777.5,0.99978,0.999779
1646126312016517.8,0.99978,0.9997789999999999
1646126360655371.5,0.99978,0.999779
1646126436321279.0,0.9997946666666666,0.999779
1646126496114777.0,0.9998034615384616,0.999779
1646126538309253.8,0.9998033636363637,0.9997790000000001
1646126610883151.0,0.9998033636363637,0.9997790000000001
1646126657187464.0,0.999802888888889,0.999779
1646126723342637.2,0.9998007333333334,0.9997797666666667
1646126798419720.8,0.9997972,0.99978
1646126846791496.5,0.9998015,0.9997807647058823
1646126905565238.2,0.9998015625,0.999782
1646126972502169.2,0.999799,0.999782
1646127004889424.0,0.999799,0.999782
1646127091598747.8,0.9997986538461539,0.9997768461538462
1646127153059448.8,0.9997969000000001,0.9997779
1646127218453201.0,0.9997956666666667,0.9997778095238095
1646127275676744.8,0.9997949333333334,0.999778
1646127331361553.5,0.99980048,0.9997786999999999
1646127391660975.2,0.9997989999999999,0.9997800909090909
1646127455935200.0,0.999801304347826,0.9997811304347827
1646127515264086.5,0.999799,0.9997814375
1646127565359392.2,0.999799,0.9997810000000001
1646127635346361.2,0.9997986923076922,0.999781
1646127694758728.0,0.9997969130434783,0.9997781739130435
1646127759132055.8,0.9997956153846155,0.9997770769230769
1646127814578183.2,0.999795,0.999777857142857
1646127879741349.8,0.9997950000000001,0.999778
1646127930640545.2,0.9997941538461538,0.999778
1646128003070930.0,0.999792875,0.999778
1646128041162641.0,0.9997929999999999,0.9997782592592592
1646128115422801.8,0.9998004444444444,0.9997799555555557
1646128186865940.0,0.999799,0.9997815333333333
1646128234668546.0,0.9997990000000001,0.9997822352941176
1646128295454945.0,0.999799,0.9997833333333332
1646128353663197.8,0.9997982857142856,0.9997842142857143
1646128411998804.8,0.9997988518518518,0.9997843333333334
1646128478720733.0,0.999798,0.999784888888889
1646128519778608.8,0.9998008888888889,0.9997857222222222
1646128587034646.0,0.9997992058823529,0.999785205882353
1646128661664454.2,0.9997976363636364,0.999777
1646128699063539.2,0.999796409090909,0.9997714090909091
1646128770461663.2,0.9997938000000001,0.9997775999999999
1646128827505435.2,0.9997916,0.9997779999999998
1646128894276287.2,0.9997895454545455,0.999778
1646128956276750.2,0.9997875333333333,0.999778
1646129014879036.8,0.9997867575757574,0.9997778181818182
1646129071514269.8,0.9998022045454547,0.99977875
1646129134432426.5,0.9998014642857144,0.9997803571428572
1646129186156851.2,0.9998018222222222,0.9997811111111111
1646129261264850.8,0.999799,0.999782
1646129304074031.2,0.999799,0.9997820000000001
1646129374353033.5,0.999799,0.999782
1646129430903654.8,0.9998078656716418,0.999783656716418
1646129483970772.2,0.9998151666666667,0.9997850925925926
1646129555305159.0,0.99981325,0.9997861818181818
1646129621650255.5,0.9998153684210527,0.9997874385964912
1646129678749593.5,0.9998139074074074,0.9997882962962963
1646129724469634.2,0.9998067555555555,0.9997890444444445
1646129809700009.5,0.999811294117647,0.9997907058823529
1646129842297878.5,0.9998104090909091,0.9997910681818181
1646129921156888.5,0.9998171612903226,0.9997925161290323
1646129961836512.0,0.9998047619047619,0.9997931904761905
1646130032444541.0,0.999799,0.9997940624999999
1646130089662593.8,0.999799,0.9997951111111111
1646130152050989.0,0.999799,0.9997962777777778
1646130221434690.8,0.9997981764705883,0.999797
1646130260061598.8,0.999798,0.999797
1646130336988109.2,0.9997965000000001,0.999785
1646130400396193.8,0.9997925,0.999783
1646130461593534.5,0.9997898181818182,0.999783
1646130499977000.0,0.9997888461538462,0.999783
1646130570854689.0,0.9997879259259259,0.999783
1646130639373636.2,0.9997865762711865,0.9997829491525423
1646130708055763.5,0.9997843333333333,0.9997825555555555
1646130764099646.5,0.9997933939393938,0.9997830303030303
1646130800679795.0,0.9998035238095239,0.9997845952380952
1646130876199250.0,0.999802052631579,0.9997860526315789
1646130934700414.8,0.9998036666666666,0.9997872999999999
1646130982076396.2,0.9998068,0.9997881333333333
1646131054940625.2,0.9998036153846154,0.9997893076923077
1646131111247916.8,0.9998208333333333,0.9997900833333334
1646131172861051.0,0.9998182549019607,0.9997911764705882
1646131239489564.2,0.9998129324324325,0.9997923108108109
1646131275037077.5,0.9998077500000001,0.9997930500000001
1646131353201746.8,0.999799,0.9997943333333333
1646131418143250.2,0.9997998666666666,0.9997955333333334
1646131477919207.8,0.9997989999999999,0.9997963636363636
1646131522754465.2,0.9997988571428571,0.999797
1646131589276477.2,0.999798,0.9997969999999999
1646131651440195.0,0.9997979999999999,0.999797
1646131706728641.2,0.9997979999999999,0.999797
1646131767723517.5,0.999798,0.9997970000000002
1646131832164228.8,0.9998149454545454,0.9998043090909091
1646131883530214.2,0.999809,0.999808
1646131968559929.0,0.9998089999999998,0.999808
1646132009819151.2,0.999809,0.999808
1646132064681009.5,0.9998085384615384,0.9998074230769232
1646132132903321.2,0.999808,0.999807
1646132204524822.0,0.999808,0.999807
1646132254603659.0,0.9998079999999999,0.9998070000000001
1646132307854448.5,0.999808,0.999807
1646132364270402.5,0.9998079999999999,0.9998070000000001
1646132425589321.2,0.9998080000000001,0.999807
1646132484608358.5,0.999808,0.999807
1646132561738607.5,0.9998190789473684,0.999807
1646132609317564.5,0.9998200169491526,0.999807
1646132670279043.5,0.9998216129032258,0.999807
1646132725513603.5,0.9998200714285713,0.9998077857142859
1646132783833178.2,0.9998153111111111,0.9998083777777778
1646132853449540.8,0.999809,0.9998080000000001
1646132914415023.0,0.9998089999999998,0.999808
1646132983620355.0,0.9998085333333333,0.9998029333333334
1646133035159180.0,0.9998140377358491,0.9998078301886792
1646133086551584.5,0.9998189999999999,0.9998087647058824
1646133152405822.8,0.9998139,0.9998092142857142
1646133201725872.5,0.9998090322580645,0.999807
1646133266075765.8,0.9998079999999999,0.9998070000000001
1646133333415703.2,0.999808,0.999807
1646133397669210.5,0.999820435897436,0.9998074871794872
1646133439640808.8,0.9998117727272727,0.9998079999999999
1646133509787091.5,0.9998090000000001,0.999808
1646133564265385.0,0.9998086764705881,0.9998017941176469
1646133630221711.0,0.9998090000000001,0.999808
1646133684643651.5,0.9998084,0.9998072499999999
1646133745883001.2,0.9998080000000001,0.999807
1646133805278217.5,0.999808,0.999807
1646133867696186.2,0.9998080000000001,0.999807
1646133924082228.2,0.999808,0.999807
1646133991749830.8,0.9998080000000001,0.999807
1646134055916869.2,0.9998188222222222,0.9998071555555554
1646134107924026.8,0.9998111764705883,0.9998069999999999
1646134167061708.8,0.9998079999999999,0.9998070000000001
1646134238298614.5,0.999808,0.999807
1646134305748044.8,0.999808,0.999805
1646134338558084.5,0.999808,0.999807
1646134418456147.5,0.999808,0.999807
1646134468870959.8,0.9998080000000001,0.999807
1646134529232880.8,0.9998080000000001,0.999807
1646134592303545.8,0.999808,0.999807
1646134650338009.0,0.9998080000000001,0.9998069999999999
1646134724421247.0,0.9998025471698114,0.9997882075471698
1646134776355372.5,0.9997977333333333,0.9997833333333334
1646134839497073.5,0.999795588235294,0.9997812352941177
1646134896935130.5,0.9997948695652173,0.9997819999999998
1646134951032992.2,0.9997945757575757,0.9997821212121212
1646135009840779.5,0.9997943043478261,0.999783
1646135084277614.5,0.9997929722222223,0.9997823611111111
1646135139246307.8,0.9997919615384615,0.9997809615384615
1646135198893302.2,0.9997981860465116,0.9997823488372092
1646135241980738.2,0.999799,0.9997832592592593
1646135312317080.0,0.9998225153846153,0.9997860615384615
1646135379591057.0,0.9998211694915254,0.9997873220338983
1646135434609275.5,0.9998228888888888,0.9997888333333333
1646135492884771.5,0.9998164098360656,0.9997876557377049
1646135539641554.8,0.999803484375,0.99978053125
1646135624804952.5,0.9997976666666666,0.9997808666666667
1646135673835883.0,0.9997968421052632,0.9997813157894736
1646135749075822.0,0.9998046595744682,0.9997817872340425
1646135798981199.5,0.9998137333333333,0.9997826333333334
1646135851034052.0,0.9998156,0.9997832666666666
1646135903428051.5,0.9998060000000001,0.9997841842105263
1646135978754748.0,0.9997989999999999,0.9997850980392158
1646136014468200.2,0.9998043333333334,0.999785090909091
1646136103029504.0,0.999799,0.999785
1646136151497401.2,0.999799,0.999785
1646136223259460.8,0.999812,0.9997855925925926
1646136274362423.0,0.9998187974683544,0.9997853544303796
1646136320281386.5,0.9998115813953489,0.9997860232558139
1646136395646936.0,0.999799,0.9997871428571428
1646136444143485.2,0.9998178888888888,0.9997881666666666
1646136528348770.2,0.9998183846153845,0.9997895000000001
1646136560986694.5,0.9998052068965518,0.9997901034482758
1646136634679506.2,0.9997990000000001,0.9997911379310345
1646136691098802.0,0.9998150361445785,0.9997923012048192
1646136742693324.2,0.9998049333333333,0.9997931333333334
1646136816778598.2,0.9997985357142857,0.9997862142857142
1646136875277553.0,0.99979676,0.9997808
1646136931021515.5,0.999795875,0.999781
1646136991321271.0,0.9997949999999999,0.9997820588235294
1646137051588571.2,0.999795,0.999783
1646137110249730.2,0.9997943076923076,0.9997820384615383
1646137175613712.5,0.9997928571428571,0.999782
1646137216074307.2,0.9997917142857143,0.9997802040816326
1646137288591297.8,0.9997899999999998,0.9997795909090909
1646137359021734.2,0.9997888409090909,0.9997799318181818
1646137422237260.8,0.999786875,0.9997799375
1646137466375439.2,0.9997858157894737,0.9997795526315789
1646137527616966.8,0.9997848157894738,0.9997804210526315
1646137592502980.5,0.9997839666666667,0.9997796333333333
1646137646685788.2,0.9997828999999999,0.9997782
1646137710788258.8,0.9997818749999999,0.9997776875
1646137776902922.5,0.9997807250000001,0.9997773000000001
1646137835768893.8,0.999779705882353,0.9997775588235295
1646137900655993.2,0.9997957321428571,0.9997792142857144
1646137961788654.0,0.9998071142857142,0.9997816
1646138008356433.2,0.9998129101123596,0.9997820786516853
1646138068670672.8,0.9997982999999999,0.9997789749999999
1646138130663679.2,0.9997969583333334,0.999778
1646138186672546.2,0.9997958863636364,0.999778
1646138250445560.5,0.999794640625,0.999772578125
1646138313866496.2,0.9997928125000001,0.99977775
1646138377934348.2,0.9997915833333333,0.9997776666666667
1646138442331914.8,0.9997906129032258,0.999778
1646138479499807.0,0.99979,0.9997776206896551
1646138560691329.0,0.9997899142857142,0.9997776571428572
1646138614404554.0,0.9997888571428571,0.9997780000000001
1646138670168262.5,0.99978795,0.9997775000000001
1646138748628326.5,0.9997935555555556,0.9997766296296297
1646138789447045.5,0.999800282051282,0.9997791025641026
1646138859699338.0,0.9997997741935484,0.9997802903225806
1646138905367640.0,0.9997999583333333,0.9997817499999999
1646138977898899.8,0.9997996851851851,0.9997831111111111
1646139037410749.8,0.9997991515151515,0.9997843030303031
1646139101610320.2,0.9998142602739726,0.9997868082191781
1646139146265473.8,0.9998120888888888,0.9997804888888889
1646139217881790.2,0.9997978148148148,0.9997767777777778
1646139272936996.0,0.9997967187500001,0.99977734375
1646139334496790.2,0.9997958148148148,0.9997775555555556
1646139391991216.8,0.9997948684210526,0.999778
1646139456821992.0,0.9997937307692308,0.999778
1646139524938797.0,0.9997926031746033,0.9997779682539681
1646139564987816.0,0.999791025,0.9997776
1646139629995885.5,0.9997897428571428,0.9997778285714286
1646139689212092.8,0.9997888837209303,0.9997773720930232
1646139753278959.5,0.9997878333333334,0.9997770238095237
1646139816340302.8,0.9997989107142857,0.9997791785714286
1646139877326725.5,0.9997988305084746,0.9997776101694915
1646139923612374.2,0.9997989999999999,0.9997780909090909
1646139998831896.0,0.9997983928571428,0.9997792857142856
1646140059770865.0,0.9997965185185186,0.9997780740740742
1646140110151867.5,0.9997949142857142,0.999778
1646140163088069.8,0.9997995799999999,0.9997784399999999
1646140227622898.5,0.9997981230769232,0.999777923076923
1646140285048765.5,0.9997961388888889,0.9997775277777777
1646140356102945.0,0.9997945925925926,0.9997763703703704
1646140410917307.8,0.9997941159420289,0.9997781304347826
1646140472658682.0,0.99979284,0.9997773
1646140533171920.8,0.9997918596491228,0.9997774912280701
1646140588286574.2,0.999791409090909,0.9997763636363637
1646140651420087.0,0.9997898064516129,0.9997776451612903
1646140715426253.8,0.999789,0.999778
1646140774309584.8,0.9997975072463768,0.9997780579710145
1646140829227805.2,0.9997963611111111,0.9997775833333333
1646140892533213.5,0.9997948863636363,0.9997765000000001
1646140947442312.2,0.9997932391304347,0.9997778478260869
1646141014660610.8,0.9997917142857143,0.9997781071428571
1646141072603096.2,0.9997907142857143,0.9997787619047619
1646141131285938.2,0.9997905128205128,0.9997803333333334
1646141199558669.0,0.9997899999999998,0.9997843181818182
1646141252164508.5,0.9997890500000001,0.9997783374999999
1646141303642420.5,0.9997844788732394,0.9997737887323943
1646141371418998.0,0.999779,0.9997778947368421
1646141444778666.0,0.9997986212121213,0.9997790151515152
1646141494576423.2,0.9997994262295082,0.9997799836065574
1646141550820365.0,0.9997978857142856,0.9997773714285714
1646141618252549.0,0.9997957272727273,0.9997758181818182
1646141675419585.5,0.99979485,0.9997775000000001
1646141734817700.8,0.9997938787878787,0.9997778181818182
1646141797573572.8,0.9997926037735849,0.9997779245283018
1646141855749760.2,0.9997918571428571,0.9997778035714285
1646141907369392.8,0.9997908823529412,0.9997776764705882
1646141978581169.2,0.99978988,0.9997758400000001
1646142032549077.5,0.9997888307692309,0.9997779384615383
1646142091278655.5,0.9997879473684211,0.999778
1646142153547591.5,0.9997974649122807,0.9997790614035087
1646142217493904.2,0.99978714,0.99977204
1646142275796150.5,0.9997856744186046,0.9997775581395348
1646142320915179.2,0.9997850000000001,0.9997771176470588
1646142391405198.8,0.999785,0.999778
1646142450602611.8,0.999785,0.9997778717948719
1646142509107319.8,0.9997841129032258,0.9997777580645162
1646142580531734.2,0.9997826153846153,0.999777923076923
1646142635449192.2,0.9997818695652173,0.9997777391304348
1646142696960326.0,0.9997807799999999,0.9997779399999999
1646142755357324.2,0.9997798958333334,0.999776625
1646142816771656.5,0.999779,0.9997769642857143
1646142872722066.0,0.9997789999999999,0.9997777999999999
1646142941125336.2,0.9997981126760562,0.9997805563380282
1646142985028577.0,0.9997971655172413,0.999740675862069
1646143049443575.0,0.9997821857142857,0.9997778857142856
1646143112794260.8,0.999778,0.9997560540540541
1646143174609937.0,0.9997921200000001,0.99977796
1646143229878161.8,0.9997976749999999,0.9997791625
1646143284863137.2,0.9997984366197182,0.9997741830985917
1646143345360537.5,0.99978682,0.9997784399999999
1646143404849715.5,0.9998009375,0.9997801428571428
1646143474338223.0,0.9997993804347827,0.9997820000000001
1646143525603876.8,0.9997996511627907,0.9997812441860464
1646143585029142.5,0.999797,0.9997780392156862
1646143648148218.0,0.9998003387096774,0.9997795967741935
1646143710212002.8,0.9997973150684931,0.9997779863013699
1646143774889404.8,0.9997958800000001,0.999777
1646143834518487.0,0.9997996623376623,0.9997792077922077
1646143888176891.0,0.999799515625,0.999777984375
1646143951037368.8,0.9997984893617021,0.999778
1646144007965719.2,0.9997989999999999,0.9997782045454545
1646144074712273.0,0.9998035774647887,0.9997802112676057
1646144127418434.2,0.9998028727272728,0.999781
1646144188754984.5,0.9997982941176471,0.9997782352941176
1646144259406514.0,0.999797375,0.999777
1646144309264520.8,0.9998008028169013,0.9997677464788731
1646144376573402.2,0.9998045243902438,0.9997785975609755
1646144435592770.8,0.9998060212765958,0.9997803191489362
1646144489942445.0,0.9998113636363636,0.9997812181818181
1646144551899125.5,0.9998117228915663,0.9997792168674698
1646144605834981.2,0.999778,0.999777
1646144671990924.2,0.999778,0.999777
1646144729361073.8,0.999778,0.999777
1646144792634284.5,0.9997780000000001,0.999777
1646144852626832.2,0.9997779999999998,0.9997456
1646144911931893.0,0.9997780000000001,0.999777
1646144966599382.2,0.999778,0.999777
1646145030163600.2,0.999778,0.999777
1646145096486157.5,0.999778,0.999777
1646145149670861.2,0.999778,0.999777
1646145204745638.0,0.9997779999999998,0.9997770000000001
1646145281176969.8,0.999778,0.9997635185185186
1646145330228794.8,0.999778,0.999777
1646145395076438.2,0.9997891956521738,0.9997776304347825
1646145454328139.0,0.999797859375,0.999778921875
1646145502248712.5,0.9998001730769231,0.9997839615384615
1646145566536230.0,0.9997990294117647,0.9997764411764706
1646145633290325.5,0.999796945945946,0.9997788378378377
1646145687401878.5,0.9997913333333333,0.9997617555555555
1646145747249655.5,0.9997787435897436,0.9997389487179487
1646145813446285.0,0.9997772222222222,0.99975
1646145869769584.2,0.9997901499999999,0.9997510500000001
1646145933586721.5,0.9997963965517241,0.9997552068965517
1646145996700730.0,0.9997968421052632,0.9997561842105264
1646146049702919.0,0.9997942608695652,0.9997570869565218
1646146122040942.5,0.9997982121212121,0.9997507121212121
1646146175770444.5,0.9997878529411764,0.9997503823529411
1646146219173730.0,0.9997933921568628,0.9997541764705882
1646146289101989.8,0.9997954242424242,0.9997600303030303
1646146345949067.8,0.9997994905660378,0.9997616226415095
1646146399195967.8,0.9998016382978723,0.999763
1646146469222255.2,0.9998038979591837,0.9997996530612245
1646146534631665.8,0.9998061224489795,0.999805
1646146598607147.5,0.9998106530612244,0.9998066530612245
1646146647977273.2,0.9998118795180723,0.9998067469879518
1646146708896145.5,0.9998080000000001,0.9998069999999999
1646146762905083.5,0.999808,0.999807
1646146827828496.2,0.9998058545454546,0.9998017454545455
1646146884179182.5,0.9998066896551724,0.999803
1646146956892636.5,0.9998060232558139,0.9998032325581394
1646147003707825.0,0.9998021754385964,0.9997989122807017
1646147076325696.2,0.999801675,0.999798925
1646147129016883.2,0.9998053714285714,0.9998015523809524
1646147186934682.0,0.9998045416666668,0.9998016527777778
1646147255655698.0,0.999799,0.999798
1646147317621320.2,0.9997990000000001,0.999798
1646147365616057.8,0.999799,0.999798
1646147426374335.2,0.999799,0.9997979999999999
1646147498342281.2,0.9998018474576271,0.999799186440678
1646147541523810.8,0.9998026923076924,0.9998008974358975
1646147610374207.8,0.999803,0.999802
1646147663626883.2,0.9998011458333332,0.9997993958333332
1646147739101651.0,0.9997997446808511,0.9997733617021276
1646147789119858.0,0.9997990000000001,0.9997979999999999
1646147847504032.0,0.999799,0.999798
1646147907749682.5,0.9998004285714286,0.9997988000000001
1646147973020601.8,0.999801,0.9998
1646148020082653.2,0.9998003541666667,0.9997935
1646148078708232.0,0.999799,0.999798
1646148146502826.2,0.9997989999999999,0.9997980000000001
1646148213433999.2,0.9997997419354838,0.9997984193548387
1646148269611842.5,0.9998005538461538,0.999793846153846
1646148325662144.5,0.999799,0.999798
1646148392610059.5,0.9997990000000001,0.9997979999999999
1646148461808341.2,0.999799,0.999798
1646148514428780.5,0.9997874186046511,0.9997516744186047
1646148572552485.8,0.999778,0.999777
1646148631205467.5,0.999778,0.999777
1646148690253148.8,0.999778,0.999777
1646148753030188.5,0.999789375,0.9997778125
1646148815254619.2,0.9997914838709677,0.9997848709677419
1646148868165284.5,0.9997952,0.9997899
1646148931555363.8,0.999796125,0.9997916666666667
1646148992941248.2,0.9997940714285714,0.999792
1646149056955334.0,0.9997977346938774,0.9997923673469388
1646149110662863.0,0.9998004210526316,0.9997940526315789
1646149176861534.0,0.9997988421052632,0.999795
1646149224328969.8,0.9998057954545455,0.9997961363636364
1646149290668787.2,0.9998082444444445,0.9997953333333333
1646149348012729.2,0.9997960000000001,0.9997821578947367
1646149415927949.2,0.9997956486486486,0.9997791891891892
1646149473069416.0,0.9997966250000001,0.9997801666666667
1646149538200310.2,0.9997984716981132,0.9997813396226415
1646149596185714.8,0.9998126,0.9997834666666667
1646149655210430.8,0.9998123809523809,0.9997842380952381
1646149710187123.8,0.9998123174603175,0.9997853015873016
1646149768309641.8,0.9998104935064934,0.9997861038961039
1646149824757853.5,0.9998079787234042,0.9997795744680852
1646149890149972.5,0.9997989047619048,0.9997780000000001
1646149943388930.8,0.9997982777777777,0.9997787407407407
1646150016752299.0,0.9997973157894736,0.9997790263157894
1646150069074531.5,0.9997994193548387,0.9997800322580646
1646150132810157.2,0.9997993125,0.9997810416666667
1646150204708513.8,0.9997994333333333,0.9997806333333333
1646150260000668.2,0.9997976666666667,0.9997776111111111
1646150315264467.8,0.9997968461538462,0.999778
1646150367632823.8,0.99979755,0.9997786249999999
1646150434744947.5,0.99979945,0.999780225
1646150503398474.8,0.9997992333333333,0.9997814333333334
1646150553313983.0,0.99979903125,0.99978215625
1646150612616024.8,0.9997989285714285,0.9997834523809523
1646150675716916.5,0.9997969444444446,0.9997776666666667
1646150739980769.2,0.9997958499999999,0.9997775000000001
1646150796144757.2,0.9997948275862069,0.999778
1646150847244393.2,0.999793870967742,0.999778
1646150903349686.0,0.999795431372549,0.9997789019607842
1646150969162929.0,0.9997988275862069,0.9997810689655172
1646151033125710.2,0.999799,0.999782193548387
1646151099201163.0,0.9997984166666667,0.9997834999999999
1646151160486536.0,0.9997988333333333,0.9997840833333332
1646151210750929.2,0.9997978974358974,0.9997845384615385
1646151270418247.0,0.9997983513513514,0.9997848378378378
1646151331358872.8,0.9997994411764706,0.9997863823529411
1646151390720852.0,0.9997995384615385,0.9997881282051282
1646151456803556.5,0.999799,0.99978932
1646151508523588.0,0.99979909375,0.99979121875
1646151576128029.2,0.9998093421052632,0.9997923684210527
1646151626896984.5,0.99981425,0.9997930500000001
1646151691491927.8,0.9998153333333334,0.9997942549019607
1646151751174403.0,0.9998151666666667,0.9997951111111111
1646151812528845.2,0.9998154375,0.9997926875
1646151878417616.5,0.9998137560975611,0.9997801951219513
1646151929544437.2,0.99981375,0.9997824583333332
1646151992571805.2,0.999814,0.9997841764705884
1646152057413720.5,0.99981475,0.9997851944444444
1646152111296897.8,0.9998129074074074,0.9997861666666666
1646152157075427.2,0.9998125757575757,0.9997875454545455
1646152235310959.0,0.9998119375000001,0.999788
1646152284619721.2,0.9998145319148937,0.9997885744680851
1646152355778424.8,0.9998174489795918,0.9997900612244897
1646152404943504.0,0.9998161333333333,0.9997910666666667
1646152472513855.5,0.9998160588235294,0.9997920588235294
1646152533656512.0,0.9998167435897435,0.9997926666666667
1646152589869652.0,0.9998159999999999,0.9997919999999999
1646152642256222.5,0.999816,0.9997908235294117
1646152712593048.2,0.999816,0.9997880000000001
1646152763166397.0,0.9998185333333335,0.9997872666666666
1646152824013570.5,0.9998198125000001,0.999787
1646152890679610.5,0.9998195333333334,0.999787
1646152950426436.5,0.9998191875,0.999787
1646153014193541.5,0.9998193235294117,0.9997872058823529
1646153060484945.5,0.9998205476190476,0.9997883095238096
1646153133558591.2,0.9998221428571429,0.99979
1646153190173137.0,0.999823909090909,0.9997911515151515
1646153252101050.2,0.9998276296296297,0.9997921481481482
1646153307384058.8,0.9998264285714286,0.9997930612244899
1646153376865584.8,0.99982596875,0.9997942812499999
1646153429455576.2,0.9998279824561404,0.9997950701754386
1646153493051428.0,0.9998298888888889,0.9997949206349206
1646153547646939.8,0.999829052631579,0.9997927631578948
1646153616826560.5,0.9998264333333334,0.9997910666666667
1646153673640403.8,0.9998228125,0.9997869375
1646153735645381.2,0.999820037037037,0.9997864814814815
1646153789785109.2,0.9998187,0.9997871
1646153860607249.8,0.9998164166666667,0.9997865833333334
1646153917615294.8,0.9998154375,0.999786
1646153973362441.0,0.999813975,0.999788
1646154039002184.5,0.9998227692307692,0.9997895897435897
1646154093927616.8,0.9998321875,0.99979303125
1646154161172567.8,0.9998323,0.9998044333333332
1646154219275313.5,0.999848025,0.9998111125
1646154268454018.8,0.9998588205128206,0.999823282051282
1646154339052299.2,0.9998599130434782,0.9998244565217391
1646154391287685.0,0.9998742424242424,0.9998319696969697
1646154443801554.0,0.9998502972972974,0.9998345405405406
1646154512338277.0,0.999837,0.9998340000000001
1646154567346867.2,0.999835942857143,0.9998340000000001
1646154637565786.5,0.9998337777777778,0.9998200833333333
1646154686816477.0,0.99982396875,0.99981715625
1646154760450740.2,0.9998320652173913,0.9998169130434782
1646154812840799.0,0.9998281818181819,0.9998155909090909
1646154862203794.0,0.999828761904762,0.9998126428571429
1646154928798187.2,0.9998318636363638,0.9998127045454546
1646154990590169.0,0.999832,0.99981444
1646155050813237.5,0.9998276571428573,0.9998167142857142
1646155108514020.8,0.9998347666666666,0.9998181333333334
1646155172251597.0,0.9998604848484849,0.9998259393939394
1646155243042994.2,0.9998633181818182,0.9998316363636364
1646155300647180.0,0.9998648571428571,0.9998333571428571
1646155355868126.0,0.9998640000000001,0.9998342857142857
1646155409511038.0,0.9998522105263157,0.9998345
1646155464852542.0,0.9998549189189188,0.9998341081081081
1646155537925100.8,0.9998526176470587,0.9998344411764706
1646155593291770.0,0.9998629999999998,0.9998350303030303
1646155654117385.5,0.999863,0.9998361923076923
1646155718367481.2,0.999863,0.9998370769230769
1646155765255492.2,0.9998629999999998,0.9998373478260869
1646155832774970.5,0.9998453599999999,0.9998334
1646155901428264.8,0.9998340000000001,0.9998311578947368
1646155946037664.5,0.9998544375,0.99983303125
1646156012200501.5,0.9998631764705882,0.9998329999999999
1646156066585884.8,0.9998566666666667,0.999827
1646156128305301.0,0.9998548620689656,0.9998274655172413
1646156193878515.5,0.999828,0.999827
1646156254496310.5,0.9998279999999999,0.999827
1646156316058863.5,0.999828,0.999827
1646156380320043.8,0.999828,0.9998269999999999
1646156425239549.2,0.999828,0.999827
1646156487507623.2,0.9998280000000002,0.999827
1646156545975331.0,0.9998321538461539,0.999827
1646156609651364.8,0.9998459999999999,0.999827590909091
1646156665282478.0,0.999846,0.9998286999999999
1646156735392405.8,0.9998594166666667,0.9998307083333334
1646156785911419.5,0.9998742592592593,0.9998347777777779
1646156842465200.8,0.9998670869565218,0.9998353913043477
1646156912789410.0,0.9998711379310344,0.9998369310344827
1646156967632703.5,0.999871,0.9998391724137932
1646157027437304.8,0.9998719787234043,0.9998402340425532
1646157094413306.0,0.9998743414634146,0.999842243902439
1646157151692342.2,0.9998762553191489,0.9998432127659576
1646157210863674.0,0.9998761470588236,0.999844205882353
1646157275993598.5,0.9998758695652173,0.999845304347826
1646157335546455.5,0.9998741818181817,0.9998460606060606
1646157396711984.2,0.9998749285714286,0.9998472142857143
1646157453334608.5,0.9998582121212121,0.9998473030303031
1646157510239344.0,0.9998485833333333,0.9998472916666667
1646157562601605.2,0.9998489999999999,0.9998479999999998
1646157620165969.5,0.999849,0.9998479999999998
1646157697518123.8,0.99984878125,0.9998476875
1646157750290683.8,0.999848,0.999847
1646157816968989.2,0.999848,0.999847
1646157876216594.2,0.999848,0.999847
1646157929498315.8,0.999848,0.999847
1646157988158290.2,0.999848,0.999847
1646158053959835.0,0.9998478064516129,0.9998451935483872
1646158116954623.0,0.9998455666666667,0.99984
1646158180569042.2,0.9998532727272728,0.9998396136363638
1646158226230905.8,0.9998731851851852,0.999840148148148
1646158290507974.0,0.9998697619047618,0.99984
1646158348869198.2,0.9998668947368422,0.9998399999999998
1646158408637450.5,0.9998636333333334,0.99984
1646158467475891.2,0.9998534827586206,0.9998373103448276
1646158529445841.5,0.9998374242424243,0.9998339696969697
1646158578455947.2,0.9998654137931035,0.999835396551724
1646158659300633.5,0.99986625,0.9998372999999999
1646158706381807.5,0.9998762,0.9998387666666667
1646158780735038.5,0.9998720000000001,0.9998393
1646158835299374.5,0.9998418787878788,0.9998360000000001
1646158891661714.0,0.9998406470588236,0.9998357647058824
1646158965716949.0,0.999839,0.9998327241379311
1646159011805909.5,0.9998357142857143,0.9998281428571429
1646159066290913.2,0.9998370606060605,0.9998292424242425
1646159131035508.5,0.999843,0.999831
1646159194663427.0,0.99986146875,0.99983575
1646159252964392.8,0.9998749999999998,0.9998431818181818
1646159321692762.8,0.999875,0.9998442857142856
1646159371207509.0,0.999875125,0.9998453333333334
1646159437917456.8,0.999876,0.9998472500000001
1646159488488040.8,0.9998759411764705,0.9998481764705883
1646159556140843.2,0.9998760000000001,0.9998493157894736
1646159602533577.0,0.9998695227272727,0.9998505909090909
1646159665689261.5,0.9998519999999999,0.9998509999999999
1646159742911017.0,0.9998518888888888,0.9998424444444445
1646159789775621.8,0.9998490256410256,0.9998317692307693
1646159853843676.2,0.99984995,0.9998319999999999
1646159910633400.5,0.9998464615384616,0.999832
1646159969959978.8,0.9998330000000001,0.9998319047619049
1646160027618377.8,0.999833,0.999832
1646160101034356.2,0.9998547288135593,0.999833406779661
1646160150373664.8,0.9998713103448276,0.9998361379310345
1646160209261059.8,0.99985544,0.99983676
1646160275398951.0,0.9998539666666667,0.9998375333333333
1646160328690009.8,0.9998520857142856,0.9998360571428572
1646160387796306.2,0.9998348518518518,0.9998322222222222
1646160456274109.8,0.9998330000000001,0.999832
1646160515171190.5,0.9998477333333333,0.9998325
1646160575547980.5,0.9998687096774194,0.9998300322580645
1646160642308668.2,0.9998628181818181,0.9998283409090909
1646160698927202.5,0.9998347241379311,0.999819
1646160754888372.2,0.9998513548387097,0.99982
1646160817837312.2,0.9998658888888888,0.9998273703703704
1646160875397677.8,0.99986764,0.9998323600000001
1646160928379059.5,0.9998521428571427,0.9998325714285715
1646160990061600.2,0.999835,0.999832
1646161042040806.8,0.999835,0.9998320000000002
1646161108152864.5,0.9998346842105263,0.999832052631579
1646161178694047.0,0.9998340000000001,0.999833
1646161232536863.5,0.9998340000000001,0.9998329999999999
1646161299713309.8,0.9998337916666666,0.9998327499999999
1646161357157718.2,0.999833,0.9998319999999999
1646161406633387.2,0.999833,0.999832
1646161459606201.5,0.9998304,0.9998239333333333
1646161535051863.5,0.9998279047619049,0.9998212857142857
1646161590603427.0,0.9998207000000001,0.9998191000000001
1646161648269847.5,0.99982,0.999819
1646161721267165.5,0.99982,0.9998190000000001
1646161776542427.5,0.9998193076923078,0.9998181538461538
1646161827074718.2,0.999819,0.999818
1646161886090871.2,0.9998189999999999,0.999818
1646161946765452.2,0.9998556470588236,0.9998203823529411
1646162017457046.5,0.9998618235294119,0.9998242647058824
1646162065719872.2,0.9998641666666666,0.9998276111111112
1646162124913276.2,0.999864,0.9998298823529412
1646162189690868.2,0.999864,0.9998317333333334
1646162254423567.0,0.9998650344827587,0.9998333103448276
1646162310769504.0,0.9998658918918919,0.9998340810810812
1646162369698841.2,0.9998652142857143,0.9998355714285714
1646162419135364.2,0.999865,0.999836
1646162490966355.2,0.999865,0.999836
1646162556636382.0,0.999866175,0.9998362249999999
1646162600828660.8,0.9998494444444445,0.9998203055555555
1646162668133782.2,0.9998329545454545,0.9998155227272728
1646162728276603.5,0.999828947368421,0.9998125263157895
1646162794278145.0,0.999834,0.999813
1646162835822445.8,0.9998216896551724,0.9998123793103448
1646162903445101.0,0.9998130000000001,0.9998119999999999
1646162968789819.0,0.9998129999999998,0.999810576923077
1646163023023055.5,0.999813,0.999812
1646163086826625.8,0.999813,0.999812
1646163151494103.8,0.999813,0.999812
1646163209216592.2,0.999813,0.999812
1646163273926329.5,0.999813,0.999812
1646163330762683.5,0.9998098499999999,0.99979765
1646163399922769.8,0.9998057586206897,0.9997996896551724
1646163454501773.2,0.9998053043478261,0.9998
1646163505902428.2,0.9998044736842105,0.9998005263157895
1646163568227685.2,0.9998028518518518,0.999801
1646163622580275.2,0.9998055217391304,0.9998014347826087
1646163694701504.2,0.9998078181818183,0.9998030909090908
1646163754612485.5,0.999807125,0.9998040625
1646163808724123.2,0.999807,0.99980505
1646163875070420.5,0.9998069999999999,0.999806
1646163916433537.5,0.999807,0.999806
1646163995941921.2,0.999807,0.9998060000000001
1646164046696618.2,0.999807,0.9998059999999999
1646164122320384.2,0.9998069999999999,0.999806
1646164162272441.5,0.9998069999999999,0.9998047647058823
1646164235815359.5,0.999807,0.9998038846153847
1646164294009527.2,0.999807,0.999804
1646164361446097.8,0.999807,0.999804
1646164414743278.5,0.9998062456140351,0.9998031052631579
1646164481974409.5,0.999801,0.9998000000000001
1646164532704299.5,0.999801,0.9998
1646164591899220.5,0.9998010000000002,0.9998
1646164653015698.2,0.9998003333333334,0.9997991111111111
1646164714640856.0,0.9998,0.999799
1646164740310770.0,0.9998,0.999799
1646164829102933.2,0.9998,0.999799
1646164889394975.5,0.9998,0.9997976060606061
1646164953195893.0,0.9998,0.999799
1646165021990264.2,0.9997999999999999,0.999799
1646165066171546.5,0.9998000000000001,0.999799
1646165127386674.8,0.9997999999999999,0.999799
1646165193387554.8,0.9998007857142858,0.9997995714285715
1646165248328422.5,0.999801,0.9998
1646165311820287.0,0.99980075,0.999799625
1646165366516929.8,0.9998009166666667,0.9997997500000001
1646165437880349.5,0.9998003571428572,0.9997992142857143
1646165489334861.2,0.9997999999999999,0.999799
1646165552109767.8,0.999806880952381,0.9997999523809524
1646165616009329.5,0.999807695652174,0.9998014782608695
1646165667366905.2,0.9998079375,0.999803125
1646165723448461.0,0.9998074210526317,0.9998051315789475
1646165791249081.5,0.999808,0.999807
1646165850071707.2,0.999808,0.999807
1646165904122869.8,0.999808,0.999807
1646165965533979.2,0.9998070681818182,0.9998060227272727
1646166023809946.8,0.999807,0.999806
1646166078502287.8,0.9998075,0.999806325
1646166144955010.8,0.9998065185185185,0.9998051481481481
1646166214602718.5,0.999805,0.999804
1646166275574338.2,0.999805,0.999804
1646166338141562.2,0.999805,0.999804
1646166392047482.8,0.9998074074074075,0.9998053333333333
1646166441508119.5,0.99980785,0.99980675
1646166511091207.5,0.9998086,0.9998075
1646166575558584.8,0.999809,0.9998080000000001
1646166635626284.0,0.9998089999999998,0.999808
1646166693715366.5,0.9998089999999998,0.999808
1646166750216678.8,0.999809,0.9998080000000001
1646166806917822.2,0.9998078846153846,0.9998064615384615
1646166869159928.8,0.9998070000000001,0.999806
1646166921225669.8,0.999807,0.999806
1646166984809453.2,0.999807,0.9998060000000001
1646167046164109.0,0.999807,0.999806
1646167106993998.0,0.999807,0.999806
1646167173215125.5,0.999807,0.999806
1646167235622165.0,0.9998070000000001,0.999806
1646167293159523.2,0.999807,0.9998059999999999
1646167362390015.8,0.9998054074074074,0.9998017962962963
1646167414450569.2,0.999803,0.999802
1646167479849019.8,0.9998027058823529,0.9998015882352941
1646167540768486.0,0.999802,0.999801
1646167590667239.8,0.999802,0.9998010000000002
1646167645579650.2,0.999802,0.999801
1646167704200730.5,0.999802,0.9998009999999999
1646167771830447.0,0.9998025789473683,0.9998013684210526
1646167828777962.8,0.999803,0.999802
1646167898449560.5,0.999803,0.999802
1646167944878281.2,0.9998018666666667,0.9998003666666667
1646168006868294.5,0.999801,0.9998
1646168063463084.5,0.9998010000000002,0.9998
1646168143505208.5,0.9998018500000001,0.9998002500000001
1646168190992880.0,0.9998024772727273,0.9997972954545454
1646168243570492.0,0.9998009999999999,0.9997999714285714
1646168311446576.5,0.9998008125000001,0.99979959375
1646168366890877.2,0.9998,0.999799
1646168433146538.8,0.9998001000000001,0.9997964249999999
1646168485267294.8,0.9998010606060606,0.999799696969697
1646168553215838.5,0.999801,0.9998000000000001
1646168616859215.2,0.999801,0.9998
1646168659733473.0,0.999801,0.9998
1646168710611516.8,0.9998010000000002,0.9998
1646168773797418.2,0.999801625,0.9998002916666667
1646168847106737.2,0.999802,0.999801
1646168908961560.0,0.999802,0.999801
1646168974266583.5,0.999802,0.9998009999999999
1646169025351541.8,0.999802,0.9998009999999999
1646169086400232.8,0.9998013333333333,0.9997995714285715
1646169148622607.8,0.9998,0.999799
1646169205871244.2,0.999801,0.9997994054054055
1646169266994564.2,0.9998,0.999799
1646169322480693.5,0.9998000000000001,0.999799
1646169386371299.2,0.9998005714285715,0.9997992619047619
1646169451944369.5,0.9998,0.9997990000000001
1646169505135505.5,0.9998000000000001,0.999799
1646169580048002.8,0.9998002857142858,0.9997992380952381
1646169629101329.5,0.999801,0.9998
1646169688555355.8,0.999801,0.9998
1646169751390992.8,0.999801,0.9998
1646169805541821.8,0.9998009999999999,0.9998
1646169890735903.8,0.9998012580645161,0.9998001612903227
1646169934930017.0,0.999802,0.999801
1646169974694683.5,0.9998015151515153,0.9997959090909091
1646170051053146.0,0.9998010294117646,0.9998
1646170115284034.2,0.999801,0.9998
1646170178013359.2,0.999801,0.9998
1646170226435578.8,0.999801,0.9998000000000001
1646170291544018.2,0.9998010000000002,0.9998
1646170342380984.8,0.999801,0.9997999999999999
1646170409848553.2,0.999801,0.9997999024390244
1646170465909403.2,0.9998010000000002,0.9998000000000001
1646170533050145.5,0.999801,0.9998
1646170591312055.5,0.999801,0.9998
1646170644659490.0,0.999801,0.9998000000000001
1646170711535873.5,0.9998010000000002,0.9998
1646170764445399.0,0.9998010857142857,0.9998
1646170830754120.5,0.999801,0.9998
1646170904946864.8,0.999801,0.9998
1646170953060623.5,0.999801,0.9998
1646171018199395.8,0.9998003653846155,0.9997972307692307
1646171071146797.5,0.9998,0.9997989999999999
1646171128841872.5,0.9998,0.999799
1646171186953218.2,0.9997999999999999,0.999799
1646171246227291.0,0.9998,0.999799
1646171304253924.2,0.9998000000000001,0.999799
1646171370293961.2,0.9998009375,0.9997998541666666
1646171428605023.5,0.999801,0.9997999999999999
1646171487309374.5,0.999801076923077,0.9998
1646171546336858.0,0.999801,0.9998000000000001
1646171606179095.0,0.999801,0.9998
1646171668549809.5,0.9998009999999999,0.9997998461538462
1646171725357866.0,0.999801,0.9998000000000001
1646171796474596.2,0.9998011714285714,0.9998001428571429
1646171847298103.0,0.999802,0.999801
1646171909754846.2,0.999802,0.999801
1646171971529874.0,0.999802,0.999801
1646172026582372.8,0.999802,0.999801
1646172092268858.5,0.9998020000000001,0.999801
1646172152204798.8,0.999802,0.9998009999999999
1646172211713004.8,0.9998020000000001,0.999801
1646172275262880.0,0.999802,0.999801
1646172335715855.2,0.999802,0.999801
1646172382920862.0,0.999802,0.999801
1646172448128046.2,0.9998015555555555,0.9997952222222223
1646172508193114.8,0.999801,0.9998000000000001
1646172566070229.0,0.999801,0.9998
1646172616815453.5,0.9998006410256411,0.9997778461538461
1646172692515164.0,0.99978721875,0.9997313125
1646172746933198.5,0.9997710869565217,0.9997388695652174
1646172821484138.2,0.9997684444444445,0.9997390000000002
1646172877042825.5,0.9997662666666667,0.9997388666666667
1646172936400246.0,0.9997650588235295,0.9997397058823528
1646173000120661.0,0.9997626666666667,0.99974
1646173056342792.2,0.9997619098360656,0.99974
1646173115162976.0,0.9997596666666667,0.99974
1646173172242171.8,0.9997589565217391,0.9997395652173913
1646173228239419.2,0.9997575416666667,0.9997385833333334
1646173292079840.2,0.9997568800000001,0.9997404799999999
1646173346918027.5,0.999785935483871,0.9997479032258064
1646173413436391.8,0.9997858518518519,0.999753
1646173465568006.0,0.9997852105263159,0.9997552631578946
1646173530545237.0,0.999785,0.9997577272727273
1646173599736497.5,0.999785,0.99975925
1646173646088317.0,0.9997846153846154,0.99976
1646173696775174.0,0.999784,0.99976
1646173782548638.8,0.9997839166666668,0.9997599999999999
1646173846909074.0,0.9997827368421052,0.9997535789473685
1646173906236649.5,0.999778947368421,0.9997403157894738
1646173957977937.2,0.9997752999999999,0.9997398000000001
1646174019758102.2,0.9997728421052632,0.9997390263157895
1646174082675142.2,0.9997704814814815,0.9997389629629629
1646174139103428.8,0.9997697391304349,0.99974
1646174185453583.0,0.999769741935484,0.9997398064516129
1646174254639165.2,0.99976975,0.99974
1646174315695445.0,0.9997725416666667,0.9997409999999999
1646174374214983.2,0.9997740000000002,0.9997421428571429
1646174433568918.8,0.999774,0.999743
1646174480222351.2,0.9997784146341464,0.9997438292682926
1646174550697901.0,0.9997783636363636,0.9997443181818181
1646174606267287.8,0.9997767692307693,0.999744
1646174671327755.0,0.9997755,0.9997440000000001
1646174721006348.2,0.999775,0.999744
1646174792637115.0,0.999775,0.9997440000000001
1646174849933976.8,0.9997741162790699,0.999740023255814
1646174913790784.5,0.9997727619047619,0.9997397619047619
1646174970659389.8,0.9997707741935484,0.9997390967741936
1646175031314982.8,0.9997706666666666,0.9997394074074074
1646175102077904.0,0.999769875,0.99974
1646175161814972.5,0.9997688333333333,0.99974
1646175209485918.2,0.9997671666666665,0.999726641025641
1646175279145983.2,0.999762619047619,0.9997382380952382
1646175336377487.8,0.999761875,0.9997385416666668
1646175394230265.8,0.99976075,0.9997386666666667
1646175454747481.5,0.9997599230769231,0.9997387692307693
1646175510755923.5,0.9997588809523809,0.9997383333333334
1646175574673674.5,0.9997576129032258,0.999739
1646175628569365.0,0.9997621111111111,0.9997402499999999
1646175694370234.5,0.9997706470588235,0.9997433529411766
1646175753399978.8,0.9997723103448276,0.9997441034482758
1646175817585606.2,0.99977203125,0.9997450625
1646175881374979.5,0.9997730588235294,0.9997463235294117
1646175925126803.0,0.9997711153846154,0.999747076923077
1646175991523481.0,0.99977,0.9997481666666665
1646176045943706.0,0.9997694782608696,0.9997481739130435
1646176116211168.8,0.9997677931034482,0.9997409655172415
1646176183642992.5,0.9997668571428572,0.9997399285714286
1646176234032083.2,0.9997658333333335,0.9997385952380953
1646176297455968.5,0.9997646585365852,0.9997384146341464
1646176356983345.8,0.9997638070175439,0.9997385614035088
1646176411802912.2,0.9997628518518518,0.9997388518518519
1646176472204762.2,0.99976636,0.99973972
1646176536303847.0,0.99977008,0.99974204
1646176590313047.8,0.9997700000000002,0.9997431250000001
1646176658911741.5,0.9997699999999999,0.9997443181818181
1646176719429523.8,0.9997684479166667,0.9997343125000001
1646176776465075.8,0.999764935483871,0.9997389677419356
1646176832836790.2,0.9997605,0.9997386363636364
1646176894939987.5,0.9997598421052631,0.9997391578947369
1646176940196983.2,0.9997600624999999,0.9997385625
1646177004496406.8,0.9997609444444444,0.9997401666666667
1646177055433431.8,0.9997755161290323,0.9997415806451613
1646177130040442.2,0.9997794117647059,0.9997429411764707
1646177193847669.8,0.9997761000000001,0.9997431500000001
1646177249616462.0,0.9997739000000001,0.9997430000000002
1646177309403811.8,0.999772157894737,0.999743
1646177383284416.5,0.999771,0.999752
1646177434473396.2,0.999771,0.9997528260869565
1646177512536116.5,0.999771,0.9997535
1646177554731035.8,0.999771,0.999753
1646177612606042.5,0.999771,0.999753
1646177678196198.8,0.9997700588235294,0.999751294117647
1646177736047150.2,0.9997688571428572,0.9997518571428571
1646177792571461.5,0.9997678000000001,0.9997516
1646177861819694.8,0.9997666923076923,0.9997510769230769
1646177918318377.0,0.9997656818181819,0.9997519999999999
1646177980555948.5,0.9997646,0.9997519999999999
1646178048546590.2,0.99976346875,0.9997510625
1646178093564265.2,0.9997627692307691,0.9997519230769231
1646178145770306.2,0.999761962962963,0.9997516666666667
1646178208472398.0,0.99976085,0.99975135
1646178278844620.8,0.999759705882353,0.9997515882352941
1646178337893035.2,0.999759,0.999752
1646178397305315.2,0.9997578611111112,0.9997517222222222
1646178461091579.0,0.9997567777777778,0.9997510000000001
1646178521654823.0,0.9997596818181819,0.9997520909090909
1646178564428643.2,0.9997729999999999,0.9997518333333333
1646178631952154.8,0.999773,0.999753375
1646178697766533.0,0.9997713793103448,0.9997541724137932
1646178757494340.8,0.999771,0.9997551304347825
1646178821689761.8,0.9997710263157894,0.999756447368421
1646178872287062.0,0.9997700714285714,0.9997533214285713
1646178931093633.0,0.9997699565217392,0.9997517391304348
1646178993925742.5,0.9997687000000001,0.999752
1646179057296658.2,0.9997679599999999,0.9997516399999999
1646179107173888.0,0.9997668333333333,0.9997519444444445
1646179163010049.5,0.9997658148148149,0.9997485925925926
1646179239813313.2,0.9997645416666666,0.9997519166666667
1646179297685319.8,0.9997637777777777,0.999752
1646179343722421.5,0.9997629444444444,0.9997513333333333
1646179405263865.5,0.9997619411764705,0.9997511176470588
1646179485787917.5,0.9997603999999999,0.9997519
1646179531327955.5,0.9997604509803921,0.9997520392156862
1646179579731808.2,0.99975948,0.9997516799999999
1646179652151022.0,0.99975795,0.999752
1646179713107033.0,0.9997568695652174,0.999752
1646179776579176.0,0.999755972972973,0.9997510540540541
1646179838057222.0,0.9997546999999999,0.9997516
1646179883245222.0,0.9997539523809523,0.9997515238095238
1646179957135789.5,0.9997595333333333,0.9997520444444444
1646180011112910.5,0.9997719999999999,0.9997531428571429
1646180084270446.5,0.9997719999999999,0.9997545000000001
1646180120728618.8,0.9997718095238094,0.9997549999999998
1646180175380375.5,0.999771,0.999755
1646180248465320.5,0.999771,0.999755
1646180319765448.8,0.9997701351351351,0.9997522972972972
1646180376207064.2,0.9997678000000001,0.9997510000000001
1646180437750199.0,0.9997669999999999,0.9997510000000001
1646180495039393.5,0.999767,0.9997510000000001
1646180551548578.0,0.999767,0.999751
1646180611825526.2,0.9997667857142858,0.9997511428571428
1646180666472691.8,0.9997652307692307,0.9997523076923076
1646180729585897.5,0.9997709487179487,0.9997539743589744
1646180784275774.8,0.9997716538461539,0.999755
1646180848229796.8,0.9997732608695652,0.9997553478260869
1646180923070088.2,0.999773,0.9997574838709677
1646180976626084.2,0.9997732916666667,0.9997580833333334
1646181029167579.2,0.999773,0.9997592608695652
1646181098811903.2,0.999773,0.9997601785714286
1646181148666348.8,0.99977262,0.99975622
1646181210701667.0,0.999770880952381,0.9997519047619047
1646181266331626.2,0.9997699473684211,0.999752
1646181339188790.5,0.9997686818181819,0.9997519999999999
1646181388744338.8,0.9997685000000001,0.9997523
1646181450054250.2,0.9997702264150944,0.9997527169811321
1646181516324718.0,0.9997767826086957,0.9997554347826086
1646181578187658.2,0.9997767647058824,0.9997562352941176
1646181629360719.2,0.999776,0.99975684
1646181706368964.0,0.999776,0.999757875
1646181742350291.0,0.9997757096774194,0.999758064516129
1646181821912595.5,0.999774,0.999758
1646181873593650.2,0.999773,0.999758
1646181932085267.2,0.999773,0.999758
1646181990139662.0,0.9997729999999999,0.999758
1646182043199702.2,0.9997761481481482,0.9997587777777777
1646182108996347.5,0.999776923076923,0.9997601538461538
1646182181119229.0,0.9997766875,0.9997615
1646182229668293.8,0.9997773684210527,0.9997622105263158
1646182294150873.8,0.9997778333333334,0.9997631666666665
1646182352726965.0,0.9997777777777777,0.999764111111111
1646182419060513.2,0.9997773076923077,0.9997653846153847
1646182476887774.2,0.999778,0.9997662727272728
1646182537357349.0,0.9997782068965517,0.9997672068965516
1646182587129622.2,0.999779,0.9997681
1646182651618804.5,0.999779,0.9997693076923078
1646182714995502.0,0.999779,0.9997702352941176
1646182769875704.2,0.9997792692307692,0.9997712692307693
1646182834006115.5,0.9997794782608694,0.9997721304347825
1646182898639880.0,0.99978,0.999773125
1646182951843561.5,0.99978,0.9997742666666667
1646183013956782.8,0.9997808888888888,0.9997752222222223
1646183075376498.5,0.9997802,0.9997760800000001
1646183132880793.8,0.9997799999999999,0.9997777272727273
1646183191088874.0,0.99978025,0.9997789999999999
1646183252976468.2,0.9997808125000001,0.9997796875
1646183310084896.0,0.999781,0.99978
1646183366548667.8,0.999781,0.9997799999999999
1646183434337127.8,0.9997803333333333,0.9997590555555556
1646183490432003.8,0.9997787272727272,0.999755
1646183543655514.0,0.9997778749999999,0.9997541875
1646183614923374.2,0.9997768,0.9997549333333333
1646183680992706.0,0.9997754999999999,0.999755
1646183738318252.5,0.999774947368421,0.999756
1646183797103320.2,0.9997739285714287,0.999756
1646183854338126.2,0.9997728421052632,0.999756
1646183925787725.5,0.9997716666666666,0.9997560000000001
1646183973065406.8,0.9997713157894736,0.999756
1646184029272960.5,0.9997708,0.999756
1646184096007310.5,0.999783619047619,0.9997571904761904
1646184155551726.2,0.9997883888888889,0.9997601388888889
1646184220533048.0,0.9997889999999999,0.9997612727272728
1646184277633164.2,0.9997957586206897,0.9997623793103448
1646184340671393.5,0.9997984499999999,0.9997634
1646184400372395.8,0.999798375,0.999764
1646184450894695.0,0.9997971860465116,0.999764
1646184509933749.0,0.9997955000000001,0.999764
1646184565219290.0,0.9997939411764705,0.999764
1646184634119435.2,0.999794,0.999764
1646184698174971.5,0.9997946956521738,0.9997640434782609
1646184751447247.8,0.9997976857142857,0.9997620857142857
1646184816471133.5,0.999795875,0.99975975
1646184874437884.2,0.9997938235294117,0.9997599999999999
1646184938468781.8,0.9997915454545455,0.9997600000000001
1646184992618986.2,0.9997895833333333,0.9997599999999999
1646185058043469.5,0.9997888181818181,0.9997600000000001
1646185109180752.0,0.9997877916666668,0.999756
1646185182291175.5,0.9997865333333333,0.999756
1646185236558404.0,0.9997859090909091,0.9997561363636364
1646185293404160.8,0.9997846666666667,0.999757
1646185356637833.8,0.99979575,0.9997579285714285
1646185425308183.0,0.999799,0.9997624444444444
1646185477781023.0,0.9998006,0.999765
1646185535322486.5,0.9998009999999999,0.9997666666666667
1646185596999764.8,0.999801,0.9997681666666667
1646185639609815.8,0.9997980000000001,0.9997587307692307
1646185712445846.0,0.9997937647058822,0.9997574705882353
1646185775960182.5,0.999793,0.999758375
1646185835387152.8,0.999793,0.999759
1646185881746795.2,0.999793,0.999759
1646185942845936.5,0.999793,0.9997608
1646186024883195.5,0.999793,0.999761
1646186074711680.2,0.9997929999999999,0.999761
1646186117074526.2,0.999793,0.99976125
1646186200828367.8,0.9997929230769231,0.999762
1646186247518705.0,0.99979175,0.999762
1646186307032375.0,0.9997909500000001,0.99976115
1646186377267688.2,0.999794393939394,0.999761303030303
1646186439770796.8,0.9998004166666666,0.9997641666666667
1646186491674331.5,0.999799,0.9997652777777779
1646186566595912.8,0.999799,0.9997665000000001
1646186607076149.0,0.9998148444444444,0.9997763555555556
1646186677973873.8,0.9998278235294118,0.9997912352941176
1646186726277373.5,0.9998199523809523,0.9997933333333334
1646186798774625.2,0.9998278333333332,0.9997941333333333
1646186855120627.8,0.9998345128205128,0.9997975128205129
1646186897754353.2,0.99983288,0.9997980799999999
1646186979658785.8,0.9998334444444443,0.9998036111111112
1646187040249425.8,0.9998371666666667,0.9998123333333333
1646187084430174.5,0.99983848,0.9998125999999999
1646187159530459.5,0.9998380000000001,0.9998124
1646187216137911.5,0.9998379999999999,0.9998130952380951
1646187277192505.2,0.9998171904761906,0.999814
1646187337373644.0,0.9998150000000001,0.999814
1646187391288119.8,0.9998141470588235,0.9998125294117647
1646187458813960.5,0.9998128529411765,0.9998114705882353
1646187513094534.8,0.9998119999999999,0.9998109999999999
1646187562957468.0,0.999812,0.999811
1646187621033564.2,0.999812,0.999811
1646187701786743.2,0.999812,0.999811
1646187753092901.5,0.999812,0.999811
1646187802114055.8,0.999812,0.9998109999999999
1646187869811015.2,0.999812,0.9998109999999999
1646187941464554.8,0.999812,0.999811
1646187992307288.2,0.999812,0.999811
1646188041337866.2,0.999812,0.999811
1646188095218427.8,0.999812,0.999811
1646188176831458.8,0.999812,0.9998109999999999
1646188211683066.0,0.999812,0.999811
1646188297893950.0,0.999812,0.999811
1646188352030330.0,0.999812,0.9998109999999999
1646188411645356.5,0.999812,0.999811
1646188480442483.8,0.999812,0.999811
1646188527857596.5,0.999812,0.999811
1646188609178133.8,0.999812,0.999811
1646188662242636.8,0.999812,0.9998109999999999
1646188696309610.0,0.9998129411764706,0.999811294117647
1646188766351140.8,0.9998270869565218,0.9998110869565217
1646188836513106.5,0.9998374999999999,0.9998121000000001
1646188885936078.8,0.9998285675675675,0.9998103513513514
1646188961814842.5,0.9998168421052632,0.9998120526315789
1646188995805745.2,0.9998291578947368,0.9998053421052632
1646189077613857.0,0.9998262258064516,0.9998111290322581
1646189142578056.8,0.999837,0.9998122777777778
1646189196417614.2,0.9998362999999999,0.99981265
1646189254502472.0,0.9998363333333332,0.9998188888888888
1646189308405883.5,0.9998379333333334,0.9998368
1646189362311387.5,0.9998380000000001,0.999837
1646189429616807.0,0.999838,0.999837
1646189488432176.8,0.999838,0.999837
1646189544706726.8,0.999838,0.999837
1646189608950915.0,0.999838,0.999837
1646189678678534.8,0.999838,0.999837
1646189733719848.0,0.999838,0.999837
1646189794033961.2,0.999838,0.999837
1646189851473727.2,0.999838,0.9998369999999999
1646189903767892.2,0.999838,0.9998369999999999
1646189966761373.8,0.999838,0.999837
1646190024628621.2,0.999838,0.9998370000000001
1646190091956102.5,0.999838,0.999837
1646190145433225.5,0.9998380000000001,0.999837
1646190201415092.5,0.9998371904761905,0.9998203333333334
1646190269790707.8,0.99981946875,0.99981321875
1646190332260318.8,0.9998179285714286,0.9998114285714286
1646190395861578.8,0.9998167333333333,0.9998114666666668
1646190453353254.2,0.9998157857142858,0.9998117142857144
1646190501715927.8,0.9998140909090908,0.9998113636363637
1646190579805494.2,0.9998150000000001,0.9998119999999999
1646190638416462.8,0.999815,0.999812
1646190698283037.5,0.999815,0.999812
1646190751761974.0,0.9998150000000001,0.9998119999999999
1646190812192908.0,0.9998142727272726,0.999811606060606
1646190871876538.8,0.999812,0.999811
1646190933926428.8,0.999812,0.999811
1646190992404547.5,0.999812,0.999811
1646191040652376.8,0.999812,0.9998064999999999
1646191118335982.2,0.9998119999999999,0.9998109999999999
1646191173717147.8,0.9998151612903226,0.9998110322580646
1646191232039056.0,0.9998190000000001,0.999811
1646191289000578.5,0.999819,0.999811
1646191337974877.8,0.9998258571428571,0.9998114761904763
1646191415894552.2,0.9998268181818181,0.9998071818181817
1646191477349958.2,0.999812,0.999811
1646191526989119.5,0.9998120000000001,0.999811
1646191602858146.5,0.999812,0.999811
1646191662679763.0,0.999812,0.9998109999999999
1646191710867906.2,0.999812,0.999811
1646191773056941.0,0.999812,0.999811
1646191828865704.2,0.9998310909090908,0.9998113939393941
1646191879734875.2,0.9998343043478262,0.9998113913043478
1646191945235341.5,0.9998340000000001,0.999811
1646192017252835.8,0.999834,0.999811
1646192083096913.2,0.999834,0.999811
1646192135930798.2,0.999834,0.999811
1646192192732270.0,0.9998342857142858,0.9998192142857143
1646192248816161.5,0.999835,0.999834
1646192295409470.0,0.9998355833333333,0.9998345416666666
1646192366728766.5,0.9998360000000001,0.9998349999999999
1646192429936176.5,0.999836,0.9998349999999999
1646192497851220.8,0.9998359999999998,0.999835
1646192540469388.2,0.9998359999999998,0.999835
1646192608382966.2,0.999836,0.9998350000000001
1646192673621067.2,0.9998359999999998,0.999835
1646192725599390.0,0.99983532,0.99981272
1646192796343078.8,0.9998326666666667,0.999812
1646192848213578.0,0.9998319411764707,0.9998123529411764
1646192917599954.2,0.9998290384615385,0.9998121923076924
1646192965039648.0,0.9998334857142857,0.9998134857142856
1646193034199084.2,0.9998350000000001,0.9998159999999999
1646193089941085.0,0.9998219090909092,0.9998160000000001
1646193150238767.8,0.9998165,0.999812375
1646193221992840.2,0.9998145,0.999812
1646193268157167.2,0.9998139166666666,0.999812
1646193330963072.2,0.999813,0.999812
1646193385323694.0,0.999813,0.999812
1646193435947457.0,0.999813,0.999812
1646193504405148.2,0.999813,0.999812
1646193556924135.2,0.9998130000000001,0.9998119999999999
1646193635589347.8,0.9998130000000001,0.999812
1646193684951559.8,0.999813,0.999812
1646193744308362.8,0.999813,0.999812
1646193807727214.8,0.9998125263157895,0.9998114210526317
1646193881148117.5,0.9998307954545453,0.9998100454545454
1646193922713194.8,0.9998170689655173,0.9997993448275863
1646193986228636.0,0.999812,0.999811
1646194043407922.8,0.999812,0.9998109999999999
1646194101539637.5,0.999812,0.999811
1646194163314231.5,0.999812,0.999811
1646194230796190.8,0.999812,0.999811
1646194284887800.0,0.9998119999999999,0.9998109999999999
1646194351334411.8,0.999812,0.9998087333333333
1646194422556748.8,0.9998119999999999,0.9998109999999999
1646194470246556.8,0.999812,0.999811
1646194537989227.5,0.9998175357142858,0.9998111071428571
1646194587011995.0,0.9998340666666666,0.999812
1646194651337778.0,0.99983325,0.999812
1646194709897369.8,0.999832,0.999812
1646194766965329.2,0.999832,0.999812375
1646194820228831.8,0.9998313571428572,0.999813
1646194885348066.5,0.9998189615384615,0.9998113076923077
1646194956392432.2,0.999812923076923,0.999811576923077
1646195012511917.8,0.9998120000000001,0.999811
1646195072178663.2,0.9998119999999999,0.9998109999999999
1646195129749644.8,0.999812,0.999811
1646195191101367.8,0.9998120000000001,0.999811
1646195249802612.0,0.999812,0.999811
1646195313044091.5,0.99982856,0.9998116
1646195377238511.5,0.9998349411764706,0.9998132352941175
1646195434341110.8,0.999834,0.99981425
1646195496590180.5,0.9998340000000001,0.9998151111111111
1646195566661471.5,0.999834,0.9998164
1646195611363872.0,0.999834,0.9998171818181819
1646195679649891.5,0.999832888888889,0.9998112962962963
1646195735171546.5,0.9998186153846155,0.999811
1646195801037018.0,0.999817724137931,0.9998119655172414
1646195865173001.8,0.999816275862069,0.9998118620689656
1646195908899278.5,0.9998155217391305,0.9998116521739131
1646195980486657.8,0.9998146666666666,0.9998119999999999
1646196028147535.8,0.9998138947368421,0.999812
1646196082792031.2,0.999813,0.9998116785714286
1646196144114490.0,0.9998121428571429,0.9998110476190476
1646196213052539.2,0.99982348,0.9998116
1646196273194644.5,0.9998338499999999,0.9998132499999999
1646196336006377.0,0.9998340000000001,0.9998143
1646196399494622.5,0.999834,0.9998154285714287
1646196442632733.0,0.9998338125,0.99981615625
1646196512564989.5,0.999818,0.9998150000000001
1646196567116787.8,0.9998173928571428,0.9998134285714286
1646196635465051.5,0.9998184594594595,0.999811945945946
1646196677786369.8,0.9998150000000001,0.9998137777777778
1646196763576966.8,0.9998148928571429,0.9998104999999999
1646196830294207.2,0.9998132857142856,0.9998112857142857
1646196869445257.2,0.999813,0.9998117894736843
1646196926567808.2,0.9998121666666666,0.9998109999999999
1646196989556695.5,0.999812,0.999811
1646197058455231.0,0.999812,0.999811
1646197112946099.8,0.999812,0.999811
1646197170513564.5,0.999812,0.999811
1646197227614797.5,0.999812,0.999811
1646197293565017.5,0.999812,0.999811
1646197351365586.2,0.999812,0.999811
1646197415841901.0,0.999812,0.999811
1646197460519759.8,0.9998344444444444,0.9998126388888888
1646197524643645.8,0.9998266774193548,0.9998095483870968
1646197589059110.8,0.9998127407407408,0.9998052222222222
1646197644893866.2,0.999812,0.9998058571428572
1646197711294576.5,0.9998120000000001,0.999811
1646197779440056.2,0.9998233448275862,0.9998111724137931
1646197848634691.8,0.999834,0.9998167142857143
1646197884646052.2,0.999828,0.9998147999999999
1646197942954267.0,0.9998195000000001,0.9998135999999999
1646198011664956.5,0.999815,0.999814
1646198070710678.0,0.9998142400000001,0.9998124
1646198140075874.0,0.999817189189189,0.9998117567567567
1646198192507072.0,0.999833,0.999813
1646198241969436.8,0.999833,0.999813
1646198318346241.2,0.99983315,0.999813
1646198370819990.8,0.999834,0.999813
1646198430859872.8,0.9998324000000001,0.999813
1646198490110273.0,0.999831,0.999813
1646198559563720.0,0.9998309999999999,0.9998130000000001
1646198619250760.5,0.9998310000000001,0.9998129999999998
1646198678214610.2,0.9998267931034482,0.9998122413793102
1646198731995953.0,0.999813,0.9998119375000001
1646198782245065.0,0.999813,0.999812
1646198856622734.8,0.999813,0.9998120000000001
1646198909849291.5,0.999813,0.999812
1646198983040726.8,0.999813,0.999812
1646199032070614.0,0.999813,0.999812
1646199092500149.5,0.9998120769230769,0.999811
1646199151941928.8,0.999812,0.999811
1646199218835401.2,0.999812,0.9998109999999999
1646199270036604.0,0.999812,0.999811
1646199325053647.8,0.999812,0.999811
1646199388177164.2,0.999812923076923,0.9998113846153847
1646199467197561.0,0.9998238064516128,0.9998124838709678
1646199515638036.0,0.9998247777777777,0.9998130555555554
1646199575690926.2,0.9998210416666667,0.999813
1646199634206475.5,0.99982072,0.9998130199999999
1646199684760573.2,0.9998207619047619,0.999813
1646199740939382.5,0.9998210000000001,0.999813
1646199814493499.5,0.9998201538461539,0.9998129999999998
1646199866373036.2,0.9998200000000002,0.9998130000000001
1646199930768680.8,0.99981825,0.999813
1646199995081181.2,0.9998150833333334,0.999813
1646200058362387.8,0.999814,0.999813
1646200112359368.8,0.999814,0.999813
1646200169706114.5,0.999814,0.9998130000000001
1646200224613981.5,0.9998132,0.9998120500000001
1646200295369975.0,0.999813,0.999812
1646200344319772.5,0.999813,0.9998120000000001
1646200394638987.0,0.999813,0.999812
1646200465633985.5,0.999813,0.999812
1646200527516502.0,0.9998125600000001,0.9998114
1646200597571528.2,0.99981128125,0.999799125
1646200665773910.2,0.9998084166666666,0.999793
1646200723409289.0,0.9998076666666668,0.9997929999999999
1646200782560890.2,0.9998068333333333,0.9997927083333334
1646200833731151.2,0.9998058000000001,0.9997929333333334
1646200896179109.0,0.9998049090909091,0.9997931818181819
1646200945491613.5,0.9998039285714286,0.999794
1646201000946771.0,0.9998029523809523,0.999793
1646201071158591.5,0.9998016,0.9997938
1646201127500712.0,0.9998008947368422,0.9997943684210525
1646201194565982.5,0.9997998,0.9997944
1646201263389636.5,0.9997986153846153,0.9997939999999998
1646201320988181.0,0.9997976363636364,0.999794
1646201377113884.5,0.9997966428571429,0.999794
1646201438624379.5,0.9997955,0.999794
1646201502600196.2,0.999795,0.999794
1646201548847565.8,0.9997950000000001,0.999794
1646201600650387.0,0.9997945625,0.9997928333333334
1646201674247024.0,0.9997929999999999,0.9997919999999999
1646201734918008.2,0.999793,0.9997920000000001
1646201778398509.5,0.9997929999999999,0.999792
1646201829709579.0,0.999793,0.999792
1646201895793278.0,0.999793,0.9997919999999999
1646201967019887.2,0.999793,0.999792
1646202027068955.0,0.999793,0.9997919999999999
1646202066311143.2,0.999793,0.9997874857142857
1646202145951302.2,0.999793,0.999792
1646202190278537.0,0.999793,0.999792
1646202280584301.5,0.9997929999999999,0.9997919999999999
1646202325235380.8,0.9997929999999999,0.9997919999999999
1646202391260554.2,0.999793,0.999792
1646202436384758.8,0.999793,0.9997919999999999
1646202518944428.0,0.999793,0.9997919999999999
1646202584422242.0,0.9997990869565218,0.9997931304347827
1646202635884392.0,0.9998,0.9997941363636363
1646202679909311.0,0.9997996315789475,0.9997878421052631
1646202759709173.2,0.9997977499999999,0.999793
1646202817343017.8,0.9997968636363637,0.9997928181818182
1646202855905475.0,0.9997958888888889,0.9997934444444445
1646202947789971.0,0.9997958181818182,0.999794
1646202988904728.2,0.9997993529411765,0.9997955
1646203060914335.8,0.9998050625,0.999797625
1646203119476245.5,0.9998139230769231,0.9997982307692308
1646203169224680.2,0.999828,0.9997999130434784
1646203240842004.2,0.99983,0.9998012727272727
1646203300746338.0,0.999829212121212,0.9998023333333332
1646203357455419.0,0.9998289999999999,0.999803111111111
1646203419920449.5,0.9998275625,0.999804125
1646203475863495.5,0.9998258214285715,0.9998052857142857
1646203533958026.0,0.999825,0.9998062499999999
1646203596181350.8,0.9998222258064516,0.9998067419354838
1646203656371549.0,0.999826,0.9998082500000001
1646203709902448.0,0.999826,0.9998090769230769
1646203784594371.8,0.9998260000000001,0.9998101818181818
1646203834091508.5,0.9998270666666667,0.9998112
1646203896437887.0,0.9998271538461538,0.9998120000000001
1646203950053159.5,0.999827,0.999812
1646204018205921.8,0.9998269999999999,0.999812
1646204066652312.5,0.999827,0.999812
1646204139060808.2,0.9998269999999999,0.9998124090909091
1646204187848874.0,0.9998263199999999,0.99981308
1646204254720171.0,0.9998260000000001,0.99981408
1646204320783827.5,0.999824742857143,0.9998153142857142
1646204379379978.0,0.999824,0.9998163125
1646204429795068.0,0.9998235454545454,0.9998171136363635
1646204497731446.8,0.9998228157894737,0.9998181578947369
1646204558035478.8,0.999821,0.9998194210526317
1646204612804276.0,0.999821,0.99982
1646204667924986.2,0.999821,0.99982
1646204727900495.2,0.999821,0.99982
1646204790718722.8,0.999821,0.9998200000000002
1646204853143913.0,0.999821,0.99982
1646204923691248.8,0.999821,0.99982
1646204982986397.0,0.999821,0.9998199999999999
1646205042219269.0,0.999821,0.9998199999999999
1646205078329672.5,0.9998202692307692,0.9998052692307693
1646205148616135.2,0.99981852,0.9997962800000001
1646205213618758.5,0.9998186666666667,0.9997981851851852
1646205272841154.5,0.9998183199999999,0.999799
1646205335420968.0,0.999818,0.9997990000000001
1646205387485932.8,0.999818,0.999799
1646205455055604.2,0.999818,0.9997995333333333
1646205512006695.2,0.999818,0.99980115
1646205580354962.2,0.999818,0.9998020192307693
1646205637077068.8,0.999818,0.9998032499999999
1646205697210536.0,0.9998179999999999,0.99980412
1646205752781340.5,0.999818,0.9998051764705882
1646205823305298.5,0.999812923076923,0.9998053076923077
1646205868732514.0,0.999807,0.9998049999999999
1646205929313142.2,0.999807,0.999805
1646205990000472.2,0.999807,0.999805
1646206050675584.2,0.99980645,0.99979915
1646206114846232.5,0.9998049333333334,0.999796
1646206166698541.5,0.9998038,0.999796
1646206232993356.5,0.9998009999999999,0.9997958974358975
1646206287966293.2,0.9997962380952381,0.9997950476190476
1646206346224979.5,0.9997960000000001,0.9997950000000001
1646206410543260.0,0.999796,0.999795
1646206473521273.2,0.9997960000000001,0.9997950000000001
1646206523808630.8,0.999796,0.999795
1646206584154009.5,0.9997954210526316,0.9997931578947368
1646206642369083.0,0.9997944285714285,0.999793
1646206710166741.2,0.999794,0.999793
1646206763990737.0,0.9997940000000001,0.9997929999999999
1646206827366364.8,0.999794,0.999793
1646206889753289.8,0.999794,0.999793
1646206952975447.0,0.999794,0.999793
1646207006945566.0,0.999794,0.999793
1646207078430398.8,0.999794,0.999793
1646207135012801.0,0.9997939999999998,0.9997930000000002
1646207183771575.2,0.999794,0.999793
1646207241447633.2,0.999794,0.999793
1646207311853369.0,0.9997939999999998,0.9997930000000002
1646207373981356.5,0.9997940000000001,0.9997929999999999
1646207430130914.5,0.9997931000000001,0.999792
1646207484136653.2,0.999793,0.999792
1646207547014105.8,0.999793,0.999792
1646207606709178.0,0.999793,0.999792
1646207663049519.2,0.999793,0.9997919999999999
1646207718855320.2,0.999793,0.999792
1646207783422220.0,0.999793,0.999792
1646207856559640.5,0.999793,0.999792
1646207910815139.5,0.9997930000000002,0.999792
1646207965399267.0,0.9997930000000002,0.999792
1646208026597385.5,0.999793,0.999792
1646208089925556.5,0.999793,0.999792
1646208138514763.8,0.999793,0.999792
1646208213042456.5,0.999793,0.999792
1646208262710922.0,0.99982225,0.9997936071428571
1646208334626529.8,0.9998324375000001,0.9997993125
1646208382105464.2,0.999828625,0.9998000625
1646208453093539.8,0.9998278666666668,0.9998012000000001
1646208501981559.5,0.9998164054054054,0.9998014324324324
1646208568712758.5,0.999802,0.9997948620689655
1646208639202216.0,0.9997998333333333,0.9997950000000001
1646208688755091.8,0.9997966818181818,0.9997942272727273
1646208757579802.2,0.9997950000000001,0.9997940000000001
1646208805920045.8,0.999795,0.9997939999999998
1646208868218661.0,0.999795,0.999794
1646208928764835.0,0.999795,0.999794
1646208996618875.2,0.9997950000000001,0.999794
1646209044035984.5,0.999795,0.999794
1646209100729885.5,0.999795,0.999794
1646209165517460.0,0.9997950000000001,0.9997940000000001
1646209223108706.8,0.999795,0.9997939999999998
1646209289523236.2,0.999795,0.999794
1646209346324592.0,0.999795,0.999794
1646209412452327.8,0.999795,0.999794
1646209475303905.0,0.999795,0.9997939999999998
1646209529656156.8,0.999795,0.999794
1646209597881644.5,0.999795,0.999794
1646209649786279.5,0.9997950000000001,0.9997940000000001
1646209708179873.2,0.9997950000000001,0.999794
1646209760485750.8,0.9997942105263157,0.9997928421052632
1646209827694896.0,0.9997936818181817,0.9997925909090909
1646209887115700.5,0.9997929999999999,0.9997919999999999
1646209946440713.0,0.999793,0.999792
1646210008265982.0,0.999793,0.9997919999999999
1646210073320260.2,0.999793,0.999792
1646210120864483.5,0.999793,0.999792
1646210187532273.8,0.999793,0.999792
1646210252900033.0,0.999793,0.999792
1646210298396905.5,0.9997929999999999,0.9997911764705882
1646210379353585.2,0.999793,0.9997919999999999
1646210425090492.8,0.999793,0.999792
1646210500799467.0,0.999793,0.999792
1646210546997957.2,0.999793,0.999792
1646210619728177.2,0.999793,0.9997919999999999
1646210663475293.2,0.999793,0.999792
1646210722606060.5,0.999793,0.999792
1646210779750403.8,0.999793,0.999792
1646210848326039.2,0.999793,0.9997919999999999
1646210910793739.0,0.999793,0.999792
1646210974953146.2,0.9997929999999999,0.9997919999999999
1646211041088068.0,0.999793,0.999792
1646211075151587.2,0.999793,0.9997919999999999
1646211151141201.5,0.9997930000000002,0.999792
1646211201569989.8,0.9997929999999999,0.9997919999999999
1646211277077415.0,0.999793,0.9997919999999999
1646211331032482.2,0.999793,0.999792
1646211393445130.2,0.999793,0.999792
1646211443571713.0,0.999793,0.999792
1646211507742400.0,0.999793,0.999792
1646211561145371.5,0.999793,0.999792
1646211624917132.0,0.999793,0.999792
1646211691546669.8,0.999793,0.9997919999999999
1646211744199411.2,0.999793,0.999792
1646211807996669.2,0.999793,0.999792
1646211866384888.5,0.999793,0.999792
1646211932665542.8,0.9998169180327869,0.9997943606557377
1646211988494452.0,0.9998240000000002,0.9997981818181817
1646212051194648.2,0.999822,0.9997992083333332
1646212110921728.2,0.9998190416666667,0.9998002083333334
1646212177999577.8,0.9998165365853658,0.9998013414634147
1646212234259422.2,0.9998127346938777,0.9998022857142856
1646212300876547.2,0.9998119333333334,0.9998032
1646212340057574.8,0.9998095777777778,0.999804
1646212413603619.8,0.9998083617021277,0.9998044893617022
1646212474867675.5,0.999808,0.9998061304347826
1646212534830848.2,0.999808,0.999807
1646212593094265.5,0.999808,0.999807
1646212657280761.8,0.9998071643835617,0.999789397260274
1646212707751892.2,0.9998041818181819,0.999793
1646212771853462.8,0.999802888888889,0.9997929999999999
1646212839036420.8,0.9998013684210526,0.999793
1646212899993582.2,0.9997995714285715,0.9997927857142858
1646212951855088.0,0.999794,0.9997928947368422
1646213009792802.5,0.999794,0.999793
1646213074107058.2,0.9997942272727273,0.999793
