timestamp_x,ask_price,bid_price
1651363222657105.2,1.0001215714285716,1.0000706043956045
1651363281742588.2,1.0001212857142856,1.000098857142857
1651363342510067.2,1.000115,1.000101789473684
1651363417352651.2,1.000114,1.0000979705882354
1651363467917238.2,1.0001105714285714,1.000096
1651363533578364.2,1.0001279772727274,1.0000970681818182
1651363609138227.0,1.00011,1.000097
1651363662205773.5,1.0001149090909092,1.0000876136363637
1651363706160761.5,1.0000882222222223,1.0000686666666667
1651363775604375.0,1.0000815625,1.00006325
1651363823103580.0,1.0000918235294116,1.0000644705882353
1651363888673130.8,1.000094619047619,1.0000656190476191
1651363949948652.2,1.0000909999999998,1.0000648823529412
1651364014583909.2,1.0000918421052631,1.0000663684210527
1651364077382891.0,1.000093576923077,1.0000650769230768
1651364130546722.0,1.0000849642857144,1.00006375
1651364200295205.8,1.0000792857142857,1.0000643333333332
1651364267475289.8,1.0000759016393443,1.000021393442623
1651364299888852.2,1.0000347735849058,0.9999904528301886
1651364370279508.0,1.0000020454545455,0.9999800227272728
1651364435075280.0,0.9999998333333333,0.9999778333333333
1651364485907868.8,1.0000021000000001,0.99997715
1651364550379149.0,0.9999981176470588,0.9999773529411764
1651364612656601.2,1.000002,0.999978125
1651364676166605.5,0.9999985517241379,0.9999740689655173
1651364729613773.0,1.0000008888888887,0.999975
1651364781824272.2,1.000001,0.9999742142857143
1651364841818465.8,0.99999925,0.9999735833333334
1651364916608410.2,0.999995549019608,0.9999654117647059
1651364967835461.2,0.99997875,0.9999595
1651365040254145.0,0.9999822105263159,0.9999631578947369
1651365092054017.5,0.999993153846154,0.9999704615384615
1651365139335217.8,0.9999974457831324,0.9999557590361446
1651365204302119.2,0.9999850606060606,0.9999503939393939
1651365272176537.5,0.999981,0.9999521538461539
1651365326022087.0,0.9999832105263158,0.999951947368421
1651365383953233.5,0.9999923448275861,0.9999542068965517
1651365449203074.5,1.0000013157894738,0.9999741052631578
1651365516996103.0,1.0000004736842105,0.9999726842105263
1651365574787361.5,1.000002,0.9999741999999999
1651365614691547.5,1.000032168674699,0.9999840361445782
1651365691093910.0,1.000037,1.000002411764706
1651365745013074.8,1.0000451666666668,1.0000094444444445
1651365797747404.2,1.0000402222222222,1.0000162222222224
1651365877095643.2,1.0000387894736842,1.0000163157894737
1651365930915201.2,1.000046,1.0000164999999999
1651365992634570.5,1.000046,1.000016
1651366058649922.5,1.0000399523809524,1.0000091904761905
1651366101864134.2,1.000039,0.9999859444444444
1651366169503069.2,1.0000339523809523,0.9999872857142856
1651366224401875.8,1.000029925925926,0.9999926666666666
1651366296672223.5,1.0000289375,0.99999275
1651366358227681.2,1.000028,0.9999921666666666
1651366411428481.2,1.0000267777777778,0.9999920000000001
1651366469170277.2,1.0000160833333334,0.9999761666666666
1651366530492345.0,0.9999948888888888,0.9999729999999999
1651366606906594.8,0.999999,0.9999785
1651366638669756.2,0.9999990000000001,0.999968
1651366710457125.8,0.999999,0.9999680000000001
1651366754475824.2,0.999999,0.9999629285714285
1651366832079808.0,0.999980705882353,0.999954705882353
1651366883327587.0,0.999967,0.9999516666666667
1651366971079230.8,0.9999669909090909,0.9999337545454545
1651367027718565.5,0.999966,0.999951
1651367077476392.0,0.9999666666666668,0.9999596000000001
1651367146580164.2,0.999967,0.999966
1651367192863920.5,0.999967,0.999958
1651367251055465.0,0.9999670000000002,0.999959
1651367316373881.2,0.9999670000000002,0.9999525
1651367360944712.8,0.9999670000000002,0.999953
1651367426383515.2,0.999967,0.9999526
1651367506451207.2,0.999967,0.999953
1651367534520494.5,0.999967,0.999953
1651367608944555.0,0.9999701111111112,0.9999541111111111
1651367652383989.8,0.999971,0.9999521818181818
1651367722623293.0,0.9999709999999999,0.9999514444444445
1651367801980528.0,0.999971,0.9999521428571427
1651367855213386.8,0.9999735,0.999952
1651367912441545.2,0.999974,0.999952
1651367976145603.0,0.999974,0.999952
1651368041482892.8,0.9999745454545454,0.9999522272727273
1651368095709601.0,0.9999728333333334,0.9999531666666667
1651368158291691.0,0.9999759310344828,0.9999394137931034
1651368210016940.8,0.9999724000000001,0.999951
1651368280814409.8,0.99997,0.999951
1651368330699952.0,0.999969,0.999951
1651368391461060.8,0.999968,0.9999509999999999
1651368452987059.5,0.999967,0.999951
1651368505462882.0,0.9999705999999999,0.9999520499999999
1651368576547518.5,0.999972,0.9999511428571429
1651368625881309.0,0.999972,0.999951
1651368686466451.5,0.999972,0.999951
1651368751260497.8,0.9999721666666667,0.9999514166666666
1651368813240937.8,0.999972,0.999951
1651368884081040.0,0.999972,0.9999509999999999
1651368926140337.0,0.999972,0.999951
1651369004656614.8,0.9999728333333334,0.9999514166666666
1651369047639555.8,0.9999749583333334,0.9999483749999999
1651369109178317.5,0.9999746,0.9999512000000002
1651369170084797.0,0.999979,0.999952
1651369222648164.5,0.9999819285714285,0.9999519999999998
1651369286139398.2,0.99998,0.999952
1651369361381574.8,0.999982076923077,0.999952
1651369407035818.8,0.9999834,0.99995245
1651369483019453.8,0.9999850000000001,0.9999596363636364
1651369534489806.2,0.9999850000000001,0.9999739090909091
1651369592397001.0,0.9999843636363637,0.999982
1651369661362172.0,0.999984,0.999982
1651369734642334.5,1.0000061733333332,0.9999523066666668
1651369758024562.0,0.9999944166666667,0.9999597916666666
1651369828570352.0,0.9999936923076922,0.9999563461538461
1651369895025573.2,0.9999966666666666,0.9999645714285714
1651369953237261.5,0.999997,0.9999655384615385
1651370004335454.5,0.999997,0.999965
1651370059092935.5,0.999997,0.9999653846153845
1651370125314944.0,1.0000072105263158,0.9999658947368422
1651370192615915.2,1.0000074347826087,0.9999721304347827
1651370249416165.5,1.0000218684210527,0.999979947368421
1651370305714119.0,1.0000184,0.99998635
1651370372593571.8,1.0000143636363636,0.9999741818181818
1651370431061752.0,1.000015,0.9999780769230769
1651370490582869.5,1.000014642857143,0.9999836428571429
1651370552910782.8,1.0000127333333333,0.9999814
1651370616469384.5,1.0000124444444445,0.999981
1651370669495443.0,1.0000121818181817,0.9999794545454546
1651370723601617.8,1.000013,0.999979
1651370781579831.2,1.000013,0.999983625
1651370860282277.2,1.000013,0.999986
1651370913711886.2,1.0000127727272727,0.9999876818181819
1651370982628684.8,1.0000128666666666,0.9999959333333333
1651371029892951.2,1.000013,1.000012
1651371086083766.8,1.000013,1.000012
1651371143134392.8,1.000013,1.000012
1651371205983180.8,1.000013,1.000012
1651371268979594.5,1.000013,1.000012
1651371320274136.5,1.000013,1.000012
1651371383160460.0,1.000013,1.000012
1651371457184207.5,1.000013,1.000012
1651371518558348.0,1.000013,1.000012
1651371574340086.5,1.000012875,1.000011625
1651371622052438.8,1.000012,1.000011
1651371682493820.8,1.0000128571428573,0.9999977857142858
1651371745634289.5,1.0000124666666668,0.9999828
1651371817333745.2,1.0000125,0.999981
1651371866167627.2,1.0000126666666667,0.999981
1651371935483824.0,1.0000135714285714,0.999981
1651371993052503.2,1.0000102666666666,0.9999786
1651372035130728.8,1.0000048,0.9999749999999998
1651372108050726.5,1.000004,0.999975
1651372162561110.5,1.000004,0.999975
1651372233801383.0,1.000005625,0.999973
1651372291737561.0,1.000006,0.9999735
1651372352100921.5,1.0000043749999998,0.999975875
1651372426633070.5,1.000004,0.9999757499999999
1651372478699793.0,1.0000045,0.99997675
1651372503211999.0,1.000005,0.999977
1651372575464352.8,1.000004,0.9999766666666666
1651372653316703.2,1.000003909090909,0.9999757272727272
1651372689767170.0,1.000003,0.9999757499999999
1651372757881932.8,1.00000275,0.9999763333333332
1651372841441455.2,1.000005,0.999977
1651372886681361.8,1.000005,0.999977
1651372944097974.2,1.0000046666666667,0.9999764999999999
1651373007459685.8,1.0000031666666667,0.9999912222222223
1651373085581463.5,1.000052984126984,1.0000032936507937
1651373115382101.0,1.000071119047619,1.0000110476190476
1651373193049301.8,1.000067,1.000023625
1651373239782797.5,1.00007396,1.000031
1651373306081520.0,1.000057,1.000032
1651373373542149.8,1.000057,1.0000316
1651373423120079.8,1.0000568461538462,1.0000315384615384
1651373480245575.0,1.000056388888889,1.000031
1651373553876306.5,1.000056,1.0000314
1651373591257858.5,1.000056625,1.000032
1651373655947148.2,1.0000595,1.0000203571428572
1651373718239064.0,1.0000386153846155,1.0000141538461538
1651373779137081.0,1.00005,1.0000305999999999
1651373851987329.2,1.00005,1.000031
1651373937020691.0,1.00005,1.000031
1651373976369207.2,1.00005,1.0000240714285715
1651374034007760.0,1.0000449285714288,1.0000158571428572
1651374090751122.8,1.0000496428571428,1.000017142857143
1651374154647065.0,1.0000469230769231,1.0000193846153846
1651374214918866.2,1.0000493333333333,1.0000155333333334
1651374264274133.8,1.0000419999999999,1.000012222222222
1651374330877097.2,1.0000328571428572,1.000012
1651374400676410.5,1.00003545,1.0000102
1651374446422084.0,1.0000855909090909,1.0000042424242426
1651374492327445.8,1.0000542,1.0000250666666666
1651374580523033.8,1.0000544166666667,1.00005
1651374634754512.0,1.000054,1.00005
1651374682879234.8,1.000054,1.00005
1651374747514309.2,1.000054,1.00005
1651374799657468.5,1.000054,1.00005
1651374858901412.2,1.000054,1.00005
1651374931713330.0,1.000054,1.00005
1651374962224391.0,1.000054,1.00005
1651375057390648.0,1.000054,1.00005
1651375107672624.0,1.000055,1.00005
1651375163155242.8,1.000055,1.00005
1651375220816973.5,1.0000549531249998,1.000033515625
1651375297901130.0,1.0000543157894737,1.0000218421052631
1651375346941804.8,1.000055,1.0000234166666668
1651375425334570.2,1.000055,1.00002525
1651375462846457.2,1.0000966071428572,1.0000308214285714
1651375546821655.0,1.00007,1.0000373333333334
1651375602803465.0,1.00007,1.0000409230769232
1651375645318250.5,1.0000694,1.0000429333333334
1651375722053599.8,1.00007,1.0000434999999999
1651375771905578.2,1.0000692857142857,1.000043
1651375848592723.0,1.000069,1.000043
1651375872558751.0,1.000069,1.000043
1651375951719553.0,1.000069,1.000043
1651376012192511.5,1.000069,1.0000432
1651376077148496.5,1.000069,1.000044
1651376122898452.2,1.0000683750000001,1.000043125
1651376190194344.0,1.000068,1.000043
1651376255238254.5,1.000068,1.000043
1651376314622213.5,1.000068,1.000043
1651376348296724.8,1.0000689523809523,1.000043
1651376449410443.5,1.000068,1.000043
1651376486567001.2,1.0000585714285715,1.000043
1651376568501107.5,1.000054,1.000043
1651376614978436.2,1.000054,1.000043
1651376730934663.5,1.000054,1.000043
1651376792958731.0,1.000054,1.000043
1651376836765995.0,1.000054,1.000043
1651376898752777.2,1.000054,1.000043
1651376985565902.8,1.000054,1.000043
1651377022872953.8,1.000054,1.0000406666666668
1651377098894126.5,1.0000542142857143,1.0000152142857144
1651377157050824.0,1.000054,1.0000147777777777
1651377191086505.2,1.00004908,1.00000016
1651377263873286.5,1.00003,0.9999970000000001
1651377330614836.5,1.00003,0.999997
1651377408828194.0,1.00003,0.999998
1651377432273049.5,1.00003,1.0000004
1651377524616090.0,1.0000155,1.000001
1651377559238404.0,1.000015,1.000001
1651377623351395.2,1.000015,0.9999977142857143
1651377674703553.5,1.0000142,0.9999945
1651377756170269.0,1.000011,0.999994
1651377807765427.2,1.0000139333333335,0.9999919333333334
1651377844472621.2,1.0000145,0.999987
1651377919229908.2,1.000014,0.999987
1651377992724131.2,1.000014,0.999987
1651378047782914.0,1.000014,0.999987
1651378113211845.5,1.000009,0.9999822857142858
1651378186984853.0,1.000046094117647,0.9999896705882353
1651378231241695.2,1.0001541400651466,1.0000965081433224
1651378275646062.8,1.0001987916666668,1.0001415416666666
1651378348327015.8,1.000143,1.000142
1651378416713489.5,1.000143,1.000142
1651378464613979.2,1.000143,1.000142
1651378544855759.0,1.000143,1.000142
1651378600794034.0,1.000143,1.000142
1651378655910017.2,1.000143,1.000142
1651378699289723.5,1.000143,1.000142
1651378766090456.5,1.000143,1.000142
1651378834307374.2,1.000143,1.000142
1651378887441695.0,1.000143,1.000142
1651378961520200.0,1.000143,1.000142
1651379016816770.2,1.000143,1.000142
1651379066995882.2,1.000143,1.000142
1651379129115569.0,1.000143,1.000142
1651379213041314.0,1.000143,1.000142
1651379244863708.2,1.000143,1.000142
1651379320263433.8,1.000143,1.000142
1651379378399831.2,1.000143,1.000142
1651379429815592.8,1.000143,1.000142
1651379480454961.5,1.000143,1.000142
1651379560656917.5,1.0002025384615385,1.000142
1651379602032062.8,1.000143,1.000142
1651379661783188.8,1.000143,1.000142
1651379737021955.5,1.000143,1.000142
1651379772218677.8,1.000143,1.000142
1651379847056920.5,1.000143,1.000142
1651379901628854.0,1.000143,1.000142
1651379962713108.5,1.000143,1.000142
1651380020435641.2,1.000143,1.000142
1651380089491063.0,1.000143,1.000142
1651380140989900.5,1.000143,1.000142
1651380214844139.5,1.000143,1.000142
1651380272757423.5,1.000143,1.000142
1651380337575963.8,1.000143,1.000142
1651380393455950.8,1.000143,1.000142
1651380450621088.0,1.000143,1.000142
1651380500137653.2,1.000143,1.000142
1651380573222087.2,1.000143,1.000142
1651380637089133.2,1.000143,1.000142
1651380675034732.8,1.000143,1.000142
1651380754999214.8,1.000143,1.000142
1651380809749209.2,1.000143,1.000142
1651380873162330.5,1.000143,1.000142
1651380937686357.8,1.000143,1.000142
1651381000495342.2,1.000143,1.000142
1651381065011798.0,1.000143,1.000142
1651381123087939.2,1.000143,1.000142
1651381176078920.8,1.000143,1.000142
1651381222558751.5,1.000143,1.000142
1651381268299792.0,1.000143,1.000142
1651381358647575.0,1.000143,1.000142
1651381405396346.8,1.000143,1.000142
1651381456992850.0,1.000143,1.000142
1651381516240099.5,1.000143,1.000142
1651381589456716.2,1.000143,1.000142
1651381633110723.0,1.000143,1.000142
1651381715504481.5,1.000143,1.000142
1651381778645722.2,1.000143,1.000142
1651381830833424.0,1.000143,1.000142
1651381891147379.5,1.000143,1.000142
1651381961435607.5,1.000143,1.000142
1651382023296158.2,1.000143,1.000142
1651382087582001.8,1.000143,1.000142
1651382133407320.8,1.000143,1.000142
1651382199127555.5,1.000143,1.000142
1651382258195853.2,1.000143,1.000142
1651382327134095.5,1.000143,1.000142
1651382393232664.2,1.000143,1.000142
1651382449624511.2,1.000143,1.000142
1651382491953337.5,1.000143,1.000142
1651382552532618.8,1.000143,1.000142
1651382615677802.8,1.000143,1.000142
1651382681639905.5,1.000143,1.000142
1651382738248335.8,1.000143,1.000142
1651382794437057.8,1.000143,1.000142
1651382854359074.8,1.000143,1.000142
1651382915016628.0,1.000143,1.000142
1651382980048426.8,1.000143,1.000142
1651383043021940.2,1.000143,1.000142
1651383088233652.5,1.000143,1.000142
1651383154975827.5,1.000143,1.000142
1651383221559854.5,1.000143,1.000142
1651383276766102.5,1.000143,1.000142
1651383333745909.2,1.000143,1.000142
1651383405554935.5,1.000143,1.000142
1651383453076752.5,1.000143,1.000142
1651383507115019.8,1.000143,1.000142
1651383571114708.2,1.000143,1.000142
1651383634658213.8,1.000143,1.000142
1651383700515785.8,1.000143,1.000142
1651383746612827.0,1.000143,1.000142
1651383813677437.2,1.000143,1.000142
1651383883472416.2,1.0001426153846154,1.0001385384615384
1651383924900138.0,1.0001423,1.000134
1651383989721011.8,1.0001420588235295,1.000134
1651384036648055.5,1.0001422857142859,1.000134
1651384104524627.5,1.000142,1.000134
1651384164421054.5,1.0001417407407407,1.0001342222222223
1651384222233539.0,1.000141,1.000128222222222
1651384282934991.2,1.000141,1.0001184
1651384367359620.0,1.000141,1.000118
1651384423504649.5,1.000141,1.000118625
1651384489280116.2,1.0001407272727272,1.0001186363636363
1651384530578229.5,1.000133,1.00011725
1651384590458249.0,1.000126,1.000118
1651384642173382.8,1.000126,1.000118
1651384705973500.5,1.0001353,1.0001181000000001
1651384767887694.8,1.000141,1.0001188333333333
1651384829680811.2,1.000141,1.0001195714285713
1651384892134930.2,1.000141,1.0001277142857143
1651384944810120.5,1.000141,1.0001203333333333
1651385012121929.2,1.000141,1.0001283333333333
1651385074460298.5,1.000141,1.0001273
1651385129835174.0,1.000142,1.00012856
1651385180414617.2,1.000143,1.000129
1651385248498965.0,1.000143,1.000129
1651385315283472.2,1.000143,1.000129
1651385377069922.0,1.0001316249999999,1.000129
1651385435051600.0,1.0001299,1.0001283
1651385492813999.0,1.000129,1.000128
1651385544811503.8,1.0001286875,1.000127
1651385606938358.0,1.000128,1.000127
1651385668396909.0,1.0001285,1.000127
1651385719105594.8,1.000128,1.000127
1651385795521043.2,1.000129,1.0001262222222222
1651385846629716.0,1.000127,1.000126
1651385915185869.8,1.000127,1.000126
1651385969353420.8,1.000127,1.000126
1651386033656708.8,1.000127,1.000126
1651386101375237.5,1.0001285,1.000126
1651386152223162.0,1.00013,1.000126
1651386205713351.2,1.0001488666666667,1.00013
1651386272398922.0,1.0001403500000001,1.0001343999999999
1651386318137626.5,1.000141,1.0001291428571428
1651386393726427.2,1.000141,1.000129
1651386438534797.5,1.0001404,1.0001281
1651386522474464.0,1.00014,1.000128
1651386550478811.5,1.00014,1.000128
1651386616983231.0,1.00014,1.0001297
1651386686099589.2,1.0001397,1.000131
1651386742858032.8,1.000139,1.000131
1651386805714323.8,1.000139,1.000131
1651386924099352.8,1.000139,1.000131
1651386999622928.2,1.000139,1.000131
1651387063607484.5,1.000139,1.000131
1651387095355692.5,1.000139,1.000131
1651387164830394.0,1.000139,1.000131
1651387231412281.8,1.000139625,1.000131
1651387309748486.2,1.00014,1.000131
1651387339645605.8,1.0001385454545455,1.000131
1651387404821933.5,1.000132,1.000131
1651387481038690.2,1.000132,1.000131
1651387533940257.0,1.000132,1.000131
1651387574677547.0,1.000132,1.000131
1651387656493584.8,1.0001300526315788,1.0001268421052631
1651387708720276.8,1.000127,1.000126
1651387773101735.2,1.0001262,1.0001251333333332
1651387824435482.0,1.000126,1.000125
1651387889967450.8,1.000126,1.000125
1651387940930944.0,1.000126,1.000125
1651388072207283.0,1.000126,1.000125
1651388156222699.2,1.0001246666666666,1.0001214999999999
1651388192019162.0,1.000119,1.000118
1651388255909973.8,1.000119,1.000118
1651388324633625.2,1.000119,1.000118
1651388371088664.8,1.000119,1.000118
1651388437616353.2,1.000119,1.000118
1651388503706958.5,1.000119,1.000118
1651388549803357.8,1.000119,1.000118
1651388611882446.2,1.000119,1.000118
1651388670240940.5,1.000119,1.000118
1651388729823641.8,1.0001146666666667,1.0001115185185185
1651388780739172.5,1.0000999285714285,1.0000853571428572
1651388847956052.2,1.0000849090909092,1.0000736363636362
1651388909068795.8,1.000075,1.000074
1651388951951243.5,1.0000691851851853,1.0000572222222222
1651389035244053.2,1.0000728620689656,1.0000533793103448
1651389083085395.2,1.0000816129032257,1.0000509677419356
1651389140480162.8,1.000083,1.000052
1651389201393995.5,1.000083,1.000052
1651389265265751.5,1.000083,1.0000498
1651389338168247.8,1.000079608695652,1.00005
1651389370689480.8,1.0000778333333333,1.00005
1651389447694638.5,1.000077,1.0000472142857142
1651389504149098.8,1.0000773333333335,1.000047
1651389570608105.2,1.000077,1.0000461666666667
1651389639485775.2,1.000077,1.0000466666666665
1651389691397751.2,1.0000763636363637,1.0000425454545454
1651389736914752.8,1.000075,1.00004
1651389803698326.8,1.000075,1.00004
1651389872919433.0,1.000075,1.00004
1651389947016301.5,1.0000722,1.000039
1651389970720592.0,1.0000673333333332,1.000039111111111
1651390062282175.5,1.0000445,1.00004
1651390097567180.2,1.0000566666666666,1.00004
1651390167672510.5,1.000063,1.0000396
1651390213402245.8,1.0000600499999999,1.00003545
1651390285520352.0,1.000047,1.000033
1651390347754335.0,1.000047,1.000033
1651390414009039.5,1.0000547000000002,1.000033
1651390473693386.0,1.0000594,1.000033
1651390525535187.8,1.00004975,1.000033
1651390604360559.2,1.000032,1.0000285625
1651390646378000.8,1.0000229999999999,1.0000201666666666
1651390707326321.0,1.0000303333333334,1.00002
1651390761803949.5,1.000036,1.000020111111111
1651390831253956.8,1.0000375333333333,1.000021
1651390881776523.2,1.0000351666666667,1.000021
1651390950959264.2,1.000022,1.000021
1651391008766400.0,1.0000229999999999,1.0000190666666666
1651391077998300.0,1.000108364864865,1.0000227635135135
1651391130523520.2,1.000097,1.0000425128205128
1651391182314935.2,1.000097,1.0000631071428572
1651391242858686.8,1.0001266071428572,1.0000687857142858
1651391292099709.2,1.0001292857142858,1.0000746
1651391360801394.0,1.00012395,1.0000793
1651391434509732.0,1.000106,1.0000815
1651391487164065.0,1.000106,1.000081
1651391545963892.2,1.000106,1.000081
1651391625249674.0,1.000098,1.000081
1651391681400697.2,1.0000815833333332,1.0000801666666665
1651391737209467.5,1.000081,1.00008
1651391797997855.0,1.0000893333333334,1.00008
1651391849309515.8,1.000081,1.00008
1651391902461468.5,1.000081,1.00008
1651391961155203.5,1.000081,1.0000796
1651392021478992.5,1.000081,1.00007975
1651392087182064.8,1.000081,1.0000796
1651392162587481.5,1.0001032857142858,1.00008
1651392217196497.8,1.000105,1.0000803333333332
1651392333057203.5,1.0001048000000001,1.0000794
1651392399530481.0,1.00008,1.000079
1651392457693057.0,1.0000911111111113,1.0000793333333333
1651392509629157.2,1.000097,1.00008
1651392577837758.8,1.000105,1.00008
1651392638742872.8,1.000105,1.0000796666666667
1651392687064129.0,1.000097,1.00008
1651392747483861.0,1.000081,1.00008
1651392820239888.0,1.000087,1.00008
1651392877415743.8,1.000081,1.0000797142857143
1651392917913127.8,1.000081,1.0000796250000001
1651392984788740.8,1.000081,1.00008
1651393033671934.2,1.000105,1.0000807142857142
1651393086285714.2,1.0001046666666666,1.0000794444444443
1651393169492788.5,1.0001052857142856,1.000079238095238
1651393235211204.0,1.000106,1.00008
1651393282300110.0,1.000106,1.00008
1651393349920459.0,1.000106,1.00008
1651393415686764.8,1.000106,1.00008
1651393455106955.5,1.0001058,1.0000796
1651393520353208.5,1.0001044000000001,1.000079
1651393585845240.5,1.0001020714285713,1.0000787857142857
1651393660675139.2,1.0001018,1.000078
1651393700948805.0,1.000101,1.000078
1651393767736283.8,1.0001011818181818,1.000078
1651393830379457.2,1.000102,1.000078
1651393894332465.0,1.000102,1.00007875
1651393962191655.0,1.000102,1.0000783333333334
1651394004241877.0,1.00009975,1.000078
1651394091555377.5,1.000099,1.000078
1651394137276754.0,1.0000996,1.000078
1651394195537378.2,1.000099,1.000078
1651394243650245.0,1.000099,1.000078
1651394310020381.8,1.000099,1.000078
1651394341499218.0,1.000099,1.000078
1651394438765438.2,1.0000974285714286,1.000078
1651394480019952.8,1.0000953333333333,1.000078
1651394556891215.0,1.000095,1.000078
1651394616433750.2,1.000095,1.000078
1651394663821530.5,1.000095,1.000078
1651394720168720.5,1.000095,1.000078
1651394784780890.8,1.0000953333333333,1.000077
1651394844679778.8,1.000095,1.000077
1651394892223009.0,1.0000936666666667,1.000077
1651394965160644.5,1.000093,1.00006475
1651395042291765.0,1.000094,1.000058
1651395078307131.2,1.0000939,1.0000624999999999
1651395160239745.2,1.0000937,1.0000644
1651395217055626.5,1.0000934,1.0000655999999999
1651395263743152.8,1.000093,1.0000613636363638
1651395342833484.2,1.0000921818181818,1.0000490909090909
1651395386554706.0,1.0000901875,1.00004825
1651395450018556.0,1.00009,1.00004665
1651395511716370.8,1.0000943478260869,1.0000469565217391
1651395567579490.0,1.0001011904761905,1.0000567619047618
1651395615885514.0,1.000101,1.000062
1651395694195017.0,1.000101,1.0000626363636362
1651395750045351.2,1.000101,1.000062588235294
1651395808469164.0,1.000101,1.0000625555555556
1651395877364554.0,1.0001,1.000062
1651395935591503.8,1.000098,1.000062
1651395994773863.2,1.000098,1.0000639166666667
1651396049806929.0,1.000098,1.000068
1651396120068974.2,1.0000995909090908,1.000068
1651396172315587.0,1.000102,1.000068
1651396221303998.5,1.000102,1.000068
1651396294303045.5,1.0001001,1.0000684
1651396340666745.0,1.0001,1.0000686
1651396414165238.2,1.0001,1.000069
1651396471617078.2,1.0001,1.000069
1651396520779784.0,1.0001002857142856,1.000069
1651396598899217.2,1.0001,1.000070625
1651396649084568.0,1.0001,1.000072
1651396702082965.8,1.0001,1.000072
1651396771113145.2,1.0001,1.000072
1651396834767436.0,1.0001,1.000072
1651396900092635.8,1.0001,1.0000706666666666
1651396934770990.0,1.0000986666666667,1.000068
1651397025488748.8,1.000098,1.000068
1651397059278890.2,1.0000996,1.000068
1651397141784668.2,1.0001,1.000068
1651397195034983.8,1.000099090909091,1.0000701818181819
1651397234590573.0,1.0000985,1.00007225
1651397326822582.2,1.000098,1.000072
1651397378316824.5,1.000098,1.000072625
1651397441824471.2,1.000098,1.000072625
1651397498406628.0,1.0000959333333332,1.0000652
1651397535241281.8,1.0000913333333334,1.00006
1651397619426211.0,1.00009,1.0000576666666667
1651397676031572.2,1.000089,1.0000545714285713
1651397721182416.5,1.0000883,1.000055
1651397802779392.8,1.0000914545454547,1.0000562727272728
1651397842232532.5,1.000098,1.0000649130434782
1651397892615454.5,1.0000974999999999,1.00007
1651397959556642.0,1.0000976,1.0000695
1651398030811667.2,1.000098,1.00007
1651398092524884.5,1.000097,1.00007
1651398138006201.2,1.000097,1.00007
1651398196889594.5,1.0000968666666668,1.0000610666666667
1651398246581984.8,1.0000963333333335,1.000059
1651398341276290.0,1.000096,1.000059
1651398397216793.0,1.000096,1.0000599090909092
1651398437431372.5,1.000096,1.0000667142857143
1651398513574165.2,1.000098777777778,1.000066
1651398583294719.5,1.0000719150943396,1.000012820754717
1651398607862458.5,1.0000656923076923,1.000008435897436
1651398691436486.0,1.000016,1.000015
1651398748548501.2,1.000016,1.000015
1651398781828538.8,1.000034,1.000015
1651398863539170.8,1.00003725,1.0000128333333334
1651398922236197.0,1.0000148750000002,0.9999994999999999
1651398997385464.0,1.000014,1.0
1651399049506909.0,1.000014,0.9999978
1651399115275614.2,1.000014,0.9999969999999999
1651399174366855.0,1.00001475,0.9999972500000001
1651399227134379.5,1.0000145555555555,0.999997
1651399291361141.0,1.0000141818181818,0.999997
1651399351610993.0,1.000015,0.9999919500000001
1651399396917734.2,1.0000145454545455,0.9999915454545455
1651399473551171.2,1.0000075833333335,0.99999
1651399527688035.8,1.000008,0.99999
1651399599940336.0,0.999991,0.99999
1651399646217631.0,0.999991,0.99999
1651399704065667.2,0.9999882352941176,0.999984294117647
1651399757576459.8,0.999984,0.999983
1651399806786554.2,0.999984,0.999983
1651399898242640.0,0.999984,0.999983
1651399957945306.0,0.999984,0.999983
1651400022095993.0,0.9999837777777777,0.9999824444444444
1651400069336938.0,0.999983,0.99998175
1651400113805813.2,0.9999827857142857,0.99997825
1651400186549296.0,0.9999828181818181,0.9999776363636363
1651400245930646.5,0.999983,0.9999771000000001
1651400317169756.0,0.999983,0.999977
1651400370593006.2,0.999983,0.9999775833333334
1651400436798142.8,0.9999829999999998,0.9999742857142857
1651400506885391.2,0.999983,0.999971
1651400562259520.0,0.999983,0.9999704090909092
1651400614238354.2,0.999983,0.9999686666666667
1651400667380845.5,0.9999829999999998,0.9999683333333333
1651400729681483.5,0.999983,0.9999684
1651400785873828.0,0.999983,0.999969
1651400841707258.0,0.999983,0.999968375
1651400979808202.5,0.9999829999999998,0.9999686666666666
1651401046236834.8,0.999983,0.99996825
1651401099752711.5,0.999983,0.999969
1651401232080160.0,0.999983,0.999969
1651401282125354.2,0.9999822,0.9999689999999999
1651401311144234.2,0.9999816666666667,0.9999628666666667
1651401386525206.5,0.9999807142857142,0.9999628571428572
1651401441377271.0,0.99998,0.999962
1651401489273748.0,0.99998,0.999962
1651401569572434.0,0.99998,0.999962
1651401605614058.2,0.99998,0.999962
1651401695939533.5,0.99998,0.999962
1651401770649231.5,0.9999820666666666,0.9999624
1651401787514623.8,0.9999830869565216,0.9999630000000002
1651401867748724.0,0.999983,0.9999635
1651401956384878.0,0.999983,0.999964
1651402003545715.2,0.999983,0.9999631666666667
1651402047793634.2,0.999983,0.999963
1651402103281231.8,0.9999757499999999,0.999963
1651402170037281.8,0.999964,0.999963
1651402240094239.5,0.9999642142857142,0.999961
1651402283342452.0,0.99996,0.9999589999999999
1651402361447833.0,0.9999600000000001,0.999959
1651402403026380.8,0.99996,0.9999589999999999
1651402461552155.0,0.99996,0.9999590000000002
1651402550764679.5,1.000001625,0.9999592321428572
1651402584663800.5,1.0000148734177217,0.9999715443037975
1651402631001089.0,1.000005,0.99998875
1651402692785928.0,1.000005,0.999989
1651402762053869.2,1.000005,0.9999889999999999
1651402825417566.5,1.000005,0.999989
1651402901599073.0,1.000005,0.9999883333333334
1651402963634780.8,1.000005,0.9999883333333334
1651403020157794.8,1.0000035,0.9999844
1651403069507473.2,1.0000028333333333,0.999984
1651403121601818.0,1.000004,0.999984
1651403170966863.0,1.000004,0.999984
1651403235907833.0,1.000004,0.999984
1651403289869846.8,1.0000035999999999,0.9999822
1651403361817843.2,1.000003,0.999981
1651403433738034.8,1.0000028571428572,0.9999747142857143
1651403484725719.2,1.0000028181818181,0.9999715454545455
1651403559585568.8,1.0000028333333333,0.9999735
1651403616157232.0,0.9999966,0.9999689999999999
1651403668978035.2,0.9999870909090909,0.999967090909091
1651403807633520.8,0.9999848631578948,0.9999399789473684
1651403836476221.5,0.9999691627906977,0.9999217209302326
1651403903320824.5,0.9999435,0.9999256000000001
1651403982285483.2,0.9999818057553956,0.9999232805755396
1651404020330046.5,0.9999688333333334,0.9999345500000001
1651404084947525.5,0.9999629999999999,0.9999499999999999
1651404174887643.2,0.999963,0.9999509999999999
1651404212475661.8,0.999963,0.999952
1651404280712222.2,0.999963,0.999952
1651404315438456.0,0.999963,0.9999507142857142
1651404390895406.2,0.9999622857142858,0.9999411428571429
1651404442198326.5,0.999959375,0.999933625
1651404495021151.0,0.9999542222222222,0.9999286666666668
1651404567770221.2,0.9999540000000001,0.999928
1651404624900321.5,0.9999509333333333,0.9999232666666666
1651404697164300.8,0.9999451304347826,0.9999212608695652
1651404761133187.2,0.9999516999999999,0.9999295
1651404816952661.5,0.9999513999999999,0.999926
1651404861942264.5,0.9999513999999999,0.9999242
1651404926015308.5,0.999942125,0.999924
1651405001728909.0,0.999932,0.99992225
1651405044178284.5,0.999932,0.999922
1651405115990984.2,0.9999421666666667,0.9999220000000001
1651405172041248.8,0.9999482352941177,0.9999225882352941
1651405227361594.5,0.999938375,0.999922
1651405291029417.2,0.999944,0.9999220000000001
1651405355758348.2,0.9999393000000001,0.999922
1651405402967556.8,0.999932,0.999922
1651405455615954.8,0.9999319999999999,0.9999220000000001
1651405535078626.0,0.999932,0.999922
1651405601345883.8,0.999932,0.999922
1651405638500242.5,0.999932,0.9999209565217392
1651405704134571.5,0.999932,0.99992025
1651405761843809.5,0.999932,0.9999204545454545
1651405834547626.0,0.999932,0.9999201
1651405892012468.0,0.999932,0.99992
1651405951610592.8,0.999932,0.9999204
1651406004588659.2,0.9999319999999999,0.999921
1651406073187757.8,0.999932,0.999920896551724
1651406125257907.0,0.999932,0.999921
1651406168903980.8,0.999931956043956,0.9999081098901098
1651406256074896.0,0.999931,0.999921
1651406302643667.5,0.9999309999999999,0.999921
1651406373799667.2,0.999931,0.999921
1651406428800269.2,0.999931,0.9999205999999999
1651406493211393.8,0.9999309999999999,0.9999202
1651406548394060.5,0.9999309999999999,0.9999202
1651406608022665.8,0.9999309999999999,0.9999208888888889
1651406673738754.2,0.9999302222222222,0.999921
1651406715246180.5,0.9999290000000001,0.9999201
1651406799801950.0,0.9999288571428571,0.99992
1651406842279124.0,0.999928,0.99992
1651406909361059.8,0.9999281428571428,0.9999200714285715
1651406969592320.2,0.9999302,0.9999204
1651407017413193.2,0.9999391111111111,0.9999215555555554
1651407083884357.8,0.999942,0.999922
1651407138972696.8,0.99994575,0.9999255
1651407216646267.5,0.9999456666666666,0.9999253333333333
1651407264473318.0,0.999945,0.9999220000000001
1651407326342141.0,0.9999461999999999,0.9999229
1651407393040637.5,0.999947,0.9999230000000001
1651407439609879.5,1.0001022740112995,0.9999392909604521
1651407506814058.8,1.000106,1.000105
1651407568829296.0,1.000106,1.000105
1651407621212532.5,1.000106,1.000105
1651407694918315.8,1.000106,1.000105
1651407763315827.2,1.0001065,1.0001053
1651407809345574.2,1.000107,1.000106
1651407876322177.5,1.000107,1.000106
1651407932416910.2,1.000107,1.000106
1651407995853381.2,1.000107,1.000106
1651408052993682.8,1.000107,1.000106
1651408115970214.2,1.000107,1.000106
1651408173125872.2,1.000107,1.000106
1651408230761533.8,1.000107,1.000106
1651408300798231.5,1.000107,1.000106
1651408353817913.0,1.000107,1.000106
1651408412863823.5,1.000107,1.000106
1651408472325528.2,1.000107,1.000106
1651408536291985.5,1.000107,1.000106
1651408588449820.5,1.000107,1.000106
1651408645806225.2,1.000107,1.000106
1651408714400616.0,1.000107,1.000106
1651408770857017.2,1.000107,1.000106
1651408825007341.2,1.000107,1.000106
1651408890069154.5,1.000107,1.000106
1651408961666375.0,1.000107,1.000106
1651409013882546.8,1.0001094166666666,1.0001067499999998
1651409085023175.8,1.00011,1.0001081111111112
1651409140424108.0,1.00011,1.0001085714285713
1651409199963628.0,1.000109222222222,1.000107
1651409243905146.5,1.000109,1.0001075
1651409310878036.2,1.0001094666666668,1.0001083333333332
1651409376620322.8,1.00011,1.000109
1651409439816909.5,1.00011,1.000109
1651409488372384.0,1.0001110869565217,1.0001094782608695
1651409540247556.8,1.000111,1.00011
1651409613529112.0,1.000111,1.00011
1651409670007350.0,1.000111,1.00011
1651409730903845.2,1.000111,1.00011
1651409785720998.5,1.000111,1.00011
1651409864137882.2,1.000111,1.00011
1651409910109518.8,1.000111,1.00011
1651409962956255.2,1.000111,1.00011
1651410041888952.0,1.000111,1.00011
1651410089315674.2,1.000111,1.00011
1651410141325367.0,1.000111,1.00011
1651410223315179.0,1.000111,1.00011
1651410278723344.2,1.000111,1.00011
1651410333136512.5,1.000111,1.00011
1651410397202007.8,1.000111,1.00011
1651410448077098.8,1.000111,1.00011
1651410505206688.0,1.000111,1.00011
1651410580480569.5,1.000111,1.00011
1651410630892480.5,1.000111,1.00011
1651410691435527.2,1.000111,1.00011
1651410751869833.2,1.000111,1.00011
1651410812196953.2,1.000111,1.00011
1651410875731981.0,1.000111,1.00011
1651410936247066.2,1.000111,1.00011
1651410994942672.5,1.000111,1.00011
1651411059115439.2,1.000111,1.00011
1651411115643993.8,1.000111,1.00011
1651411173434138.5,1.000111,1.00011
1651411234136906.2,1.000111,1.00011
1651411283712482.2,1.000111,1.00011
1651411345770446.8,1.000111,1.00011
1651411417794481.2,1.000111,1.00011
1651411477807612.8,1.000111,1.00011
1651411520564942.0,1.000111,1.00011
1651411591300310.8,1.000111,1.00011
1651411665200952.5,1.000111,1.00011
1651411715435730.0,1.000111,1.00011
1651411776015180.5,1.000111,1.00011
1651411854467527.8,1.000111,1.00011
1651411900407860.2,1.000111,1.00011
1651411946377100.0,1.000111,1.00011
1651412016666927.5,1.000111,1.00011
1651412070156870.2,1.000111,1.00011
1651412136223394.8,1.000111,1.00011
1651412189503262.5,1.000111,1.00011
1651412245383606.2,1.000110111111111,1.0001061851851851
1651412324179903.0,1.00011,1.000106
1651412361724681.0,1.00011,1.000106
1651412440439043.2,1.00011,1.0001064166666667
1651412501212993.5,1.00011,1.0001069310344828
1651412537994536.0,1.0001094642857142,1.0001063214285715
1651412600910393.8,1.000109,1.000105076923077
1651412668502399.0,1.0001109655172413,1.000105379310345
1651412721351630.5,1.0001095172413792,1.000105827586207
1651412798222440.8,1.000109,1.000105625
1651412856105897.5,1.000109,1.0001054999999999
1651412905752412.2,1.000109,1.000105818181818
1651412978287590.2,1.000109,1.0001063000000001
1651413022068778.5,1.0001192749999999,1.00010845
1651413092009008.0,1.0001121739130434,1.000111
1651413153786887.8,1.000112347826087,1.000111
1651413221311714.2,1.000112,1.000111
1651413277715606.5,1.000112,1.000111
1651413321999483.2,1.000112,1.000111
1651413390893578.0,1.000112,1.000111
1651413448510560.8,1.000112,1.000111
1651413503849810.0,1.000112,1.0001109782608695
1651413563191107.0,1.000112,1.000111
1651413617880643.8,1.000112,1.000111
1651413684628138.2,1.000112,1.000111
1651413759544078.8,1.000112,1.000111
1651413809378550.0,1.000112,1.000111
1651413872310150.0,1.000112,1.000111
1651413938942453.0,1.0001121428571427,1.0001110952380952
1651413988409291.0,1.000113,1.000112
1651414048703636.2,1.000113,1.000112
1651414112420801.2,1.000113,1.0001118823529411
1651414164858801.8,1.000112111111111,1.000111
1651414235626513.5,1.000112,1.000111
1651414285827862.0,1.000112,1.000111
1651414349333866.0,1.000112,1.000111
1651414406717328.2,1.000112,1.000111
1651414460456501.2,1.000112,1.000111
1651414514945883.0,1.000113,1.0001117777777777
1651414589553996.5,1.000113,1.000112
1651414656788677.0,1.000113,1.000112
1651414687300196.2,1.000113,1.000112
1651414774872762.0,1.000113,1.000112
1651414828682639.2,1.000113,1.000112
1651414889971341.2,1.000113,1.000112
1651414936740198.8,1.000113,1.000112
1651415006958586.8,1.000113,1.000112
1651415073870544.2,1.000113,1.000112
1651415124143735.0,1.000113,1.000112
1651415193835748.0,1.000113,1.000112
1651415259843424.0,1.000113,1.000112
1651415312652323.2,1.000113,1.000112
1651415361578808.8,1.000113,1.000112
1651415420563794.0,1.000113,1.000112
1651415485359942.8,1.000113,1.000112
1651415547752837.2,1.00011275,1.0001095999999998
1651415608075504.8,1.000112,1.0001064166666667
1651415662312374.5,1.000112,1.0001064999999998
1651415723810488.2,1.000112,1.0001062272727272
1651415792712249.0,1.000112,1.00010725
1651415845780059.8,1.000112,1.0001064166666667
1651415918447555.8,1.0001120227272726,1.0001061136363636
1651415970703654.2,1.000111,1.000106
1651416028030687.8,1.000111,1.0001058235294116
1651416090988317.2,1.0001111176470587,1.0001063529411764
1651416160147896.8,1.000112,1.000108
1651416208475565.0,1.000112,1.0001074444444447
1651416269767785.5,1.0001117209302324,1.000105604651163
1651416334777445.0,1.0001121764705883,1.000106794117647
1651416393730982.2,1.000112076923077,1.0001073076923077
1651416463117359.2,1.000112,1.0001074
1651416500024850.8,1.000112,1.0001080833333333
1651416555086378.2,1.0001123636363636,1.000108090909091
1651416628846297.5,1.000112,1.0001073636363638
1651416685624771.8,1.000112,1.0001072105263158
1651416747205838.0,1.000112,1.0001077
1651416806866648.5,1.000112,1.0001080625
1651416870314490.5,1.000112,1.0001074
1651416929096601.0,1.000112,1.00010675
1651416978332603.8,1.000112,1.0001063125
1651417049251089.5,1.000112,1.0001063333333333
1651417103104115.5,1.0001123666666667,1.0001061166666667
1651417166221618.0,1.000112111111111,1.0001078888888888
1651417238985953.2,1.0001117999999998,1.0001074
1651417289288473.0,1.0001118333333332,1.0001072222222223
1651417350427581.0,1.000111909090909,1.0001073636363638
1651417401524819.0,1.0001114545454544,1.000107
1651417459333436.0,1.000111,1.000107
1651417524951964.8,1.0001114999999998,1.000107
1651417578041899.5,1.0001111739130435,1.0001058260869566
1651417642418175.5,1.0001092352941177,1.0001055294117647
1651417706170548.2,1.000108,1.0001060869565217
1651417758946812.8,1.000108,1.000107
1651417825343012.8,1.000108,1.000107
1651417893994299.0,1.000108,1.000107
1651417956089679.5,1.000108,1.000107
1651418004435709.8,1.000108,1.0001055454545453
1651418076791739.5,1.000108,1.000105875
1651418133974740.8,1.0001079782608695,1.0001051086956523
1651418188536012.0,1.000107,1.000105909090909
1651418258670199.0,1.000107,1.0001054666666667
1651418321633457.2,1.0001069166666667,1.0001054999999999
1651418367849116.0,1.000106,1.000105
1651418418471490.0,1.000106,1.000105
1651418505643424.5,1.0001064285714285,1.000105
1651418555966498.0,1.000106,1.000105
1651418621204744.8,1.000106,1.000105
1651418675355712.5,1.000106,1.000105
1651418722169156.2,1.0001078666666667,1.0001064000000002
1651418783967016.0,1.000108,1.000107
1651418858067547.8,1.0001076666666668,1.0001064666666666
1651418894008874.0,1.000107,1.00010575
1651418972192033.8,1.000107,1.0001052222222222
1651419030140115.8,1.000107,1.000105
1651419096779832.5,1.000107,1.0001053333333332
1651419152106358.8,1.0001067000000001,1.000105
1651419204043179.8,1.000106,1.000105
1651419264358440.5,1.000107,1.0001058333333335
1651419331430451.2,1.000107,1.000106
1651419401479693.5,1.000107,1.000105818181818
1651419440223921.8,1.000107,1.0001051111111112
1651419519086689.5,1.000106,1.000105
1651419572158338.5,1.000106,1.000105
1651419622247392.5,1.000106,1.000105
1651419694660191.0,1.000106,1.000105
1651419754925202.8,1.000106,1.000105
1651419810837449.8,1.000106,1.000105
1651419870699903.2,1.000106,1.000105
1651419926684302.0,1.000106,1.000105
1651419994575720.8,1.000106,1.000105
1651420055827038.8,1.0001098,1.0001063000000001
1651420129205789.8,1.000109,1.0001072
1651420168451104.8,1.000109,1.000108
1651420224380945.0,1.000109222222222,1.000107
1651420297497806.8,1.000109,1.000107
1651420363084048.5,1.000109923076923,1.000107
1651420411074258.2,1.00010925,1.0001072500000001
1651420468329663.2,1.000109,1.000108
1651420533576040.0,1.000109,1.000108
1651420587033408.0,1.000108,1.0001059615384615
1651420646780059.2,1.0001079166666667,1.000105
1651420707096450.2,1.000108,1.000105
1651420772312365.2,1.0001085238095238,1.0001051428571428
1651420828869909.8,1.0001076666666666,1.000105
1651420896359432.8,1.000107,1.000105
1651420941433024.0,1.000107,1.000105
1651421012823531.0,1.000108076923077,1.0001056153846153
1651421079833891.0,1.00010825,1.000106
1651421149708345.8,1.0001089032258064,1.0001057096774193
1651421179407721.8,1.000109652173913,1.000106
1651421240143753.8,1.000109,1.000106
1651421316714400.8,1.0001108421052631,1.0001044736842104
1651421351139125.5,1.0001063870967741,1.0000842580645162
1651421427182085.2,1.000106142857143,1.000083
1651421486446116.5,1.0001072142857141,1.0000830357142856
1651421551753840.2,1.000108,1.000084
1651421617019709.5,1.0001081818181818,1.000084
1651421664304959.8,1.0001081428571428,1.0000837857142857
1651421721431976.5,1.0001080714285713,1.000083857142857
1651421807308654.5,1.000105825,1.0000696
1651421837528904.0,1.0001091346153845,1.0000783076923077
1651421914295369.5,1.0001086363636362,1.0000813636363637
1651421972569831.2,1.000108,1.000081
1651422048070600.0,1.000108846153846,1.000082076923077
1651422087020146.8,1.000108625,1.000081875
1651422146737196.5,1.000108,1.000081
1651422212278019.8,1.0001073529411766,1.0000811176470588
1651422254066369.0,1.0000993493975903,1.0000571325301204
1651422329611313.8,1.000093,1.000059
1651422396397808.0,1.000093,1.0000509411764704
1651422436347053.5,1.00008316,1.000037488
1651422489137599.5,1.00006,1.0000221111111112
1651422565026938.8,1.0000400833333334,1.0000203333333333
1651422627500781.8,1.0000394117647058,1.0000100882352942
1651422685192515.5,1.0000334347826088,1.0000071304347826
1651422741484863.8,1.0000348260869565,1.0000082608695653
1651422806296289.2,1.0000344499999998,1.000007
1651422861215050.8,1.00003,1.000005
1651422928865656.8,1.0000201764705883,1.000004294117647
1651422984624318.0,1.000005,1.000004
1651423048845095.8,1.000005,1.000004
1651423123879566.5,1.000005,1.0000022499999999
1651423167567750.0,1.0000049,0.9999990000000001
1651423233163789.0,1.0000071818181817,0.999999909090909
1651423293900236.2,1.0000080769230768,0.999999
1651423345984715.5,1.0000088,0.9999984
1651423416050208.2,1.000004,0.999998
1651423472600090.5,1.0000079999999998,0.999998
1651423532799302.2,1.0000098333333334,0.9999970833333333
1651423589461299.2,1.00001,0.9999966
1651423654208497.2,1.000007,0.999995
1651423701105852.2,1.000005619047619,0.9999945714285714
1651423769971655.5,1.0000059374999999,0.999995875
1651423826211416.8,1.000009,1.000004
1651423889469103.8,1.000009956521739,0.9999956956521739
1651423952322229.5,1.0,0.999996
1651424024089316.0,1.000061805882353,1.0000054411764705
1651424046563934.8,1.0000483185840707,1.0000195398230087
1651424143512155.0,1.000018,1.000011818181818
1651424192936037.0,1.0000042777777778,1.0000003888888889
1651424258712171.0,1.0000024736842104,0.9999997894736842
1651424310917281.0,1.0000106874999999,0.9999997083333333
1651424369942200.0,1.00000428,0.99999888
1651424417276836.8,1.000005,0.9999993333333332
1651424502535516.0,1.000005,1.000001
1651424553260491.5,1.000005,1.000001
1651424614572528.2,1.000005,0.999999923076923
1651424684179838.5,1.0000035,0.9999997272727273
1651424731051152.8,1.00000828125,0.99999915625
1651424785336611.8,1.000016909090909,0.9999990909090909
1651424849925391.2,1.0000146956521738,0.9999997826086956
1651424903020040.0,1.0000044210526315,0.9999995789473684
1651424985941147.2,1.000001,0.999999
1651425013188559.8,1.000001,0.9999986666666667
1651425096765977.5,1.000001,0.99999875
1651425156791746.5,1.000001,0.999999
1651425210960576.5,1.000001,0.9999991999999999
1651425276576694.8,1.000001,0.9999988571428571
1651425309500533.5,1.000001,0.999999
1651425397110694.2,1.000001,0.9999994285714287
1651425450219352.2,1.0000161764705882,1.0000007058823528
1651425519247632.0,1.0000221666666667,1.000002
1651425578027015.2,1.000026090909091,1.000002
1651425635292039.5,1.0000504825396825,0.9999772793650793
1651425678697294.2,1.0000028181818181,0.9999922272727272
1651425749484752.5,0.9999972631578947,0.9999851052631579
1651425815035188.0,0.9999885714285714,0.9999847142857143
1651425864939689.5,0.9999985909090909,0.9999812727272727
1651425920503578.8,0.9999917222222222,0.9999788333333333
1651425990526138.2,0.9999959090909091,0.9999769545454545
1651426036954686.2,0.999993347826087,0.9999724782608695
1651426121484509.8,0.999993,0.999969
1651426150254264.5,0.9999993,0.9999689
1651426229304144.0,0.9999994285714287,0.9999859999999999
1651426270656906.2,0.9999979999999999,0.9999840000000001
1651426352280258.5,0.999981,0.9999765
1651426414302182.8,0.9999851428571428,0.999976
1651426472062033.8,0.999994,0.999977
1651426516337897.5,0.9999892857142857,0.9999685238095237
1651426583576626.5,0.9999671955307262,0.9999093240223463
1651426646794765.2,0.999965125,0.999939375
1651426713399101.2,0.9999667619047619,0.9999403809523809
1651426762555082.0,0.9999637647058823,0.9999332941176471
1651426818196934.8,0.9999590952380953,0.9999307142857143
1651426878477385.0,0.9999543076923078,0.9999311538461538
1651426941305264.5,0.9999319999999999,0.9999309999999999
1651427014241119.0,0.9999320000000002,0.9999268235294118
1651427072086753.2,0.999932,0.9999262
1651427131231099.8,0.9999306666666666,0.999921
1651427193149944.0,0.9999319999999999,0.9999205833333332
1651427248745027.5,0.99993175,0.999921
1651427310697133.2,0.9999315714285715,0.999921
1651427360797540.5,0.999931,0.9999205
1651427441917269.5,0.9999309999999999,0.99992
1651427500324761.2,0.999931,0.99992
1651427542544436.8,0.999931,0.99992
1651427609263925.5,0.999931,0.99992
1651427656522981.2,0.9999315000000001,0.9999203333333333
1651427716671749.5,0.9999309999999999,0.99992
1651427805214263.2,0.999931,0.99992
1651427864645460.0,0.999931,0.99992
1651427912656284.8,0.9999318571428572,0.9999202857142857
1651427955650954.2,0.99993112,0.99990864
1651428025785096.0,0.999928625,0.999920375
1651428097994749.5,0.9999290000000001,0.999921
1651428145552487.0,0.99992825,0.999921
1651428197139678.8,0.9999315000000001,0.999921
1651428262804139.0,0.9999317692307693,0.999921
1651428340484803.8,0.9999312051282052,0.9999084102564103
1651428384479201.8,0.9999293333333333,0.9998948888888889
1651428456395648.0,0.9999262692307693,0.9998944999999999
1651428500327877.2,0.9999193333333333,0.9998943333333333
1651428563136680.0,0.9999189999999999,0.999894
1651428623603468.0,0.9999185,0.999894
1651428694839669.0,0.999918,0.9998944999999999
1651428755588151.5,0.9999174285714286,0.9998945714285714
1651428832660503.8,0.999917,0.999894
1651428875367297.0,0.999914,0.999894088235294
1651428931427851.2,0.9999034117647059,0.9998922352941176
1651428997976433.0,0.999895,0.999894
1651429052216483.0,0.9999072307692308,0.9998940769230769
1651429106823370.8,0.9999102222222221,0.999895
1651429161902066.2,0.9999104545454546,0.999895
1651429226011601.2,0.9999124,0.9998958
1651429286981896.8,0.999924129032258,0.999896064516129
1651429346748635.8,0.9999338461538462,0.999897
1651429405454952.0,0.9999417749999999,0.9998968250000001
1651429466252708.0,0.999939,0.999898
1651429526579434.2,0.9999439090909091,0.9998989545454545
1651429587623956.0,0.9999489285714286,0.9999
1651429651911379.5,0.999949,0.999897
1651429714505675.0,0.9999515185185186,0.9999024814814815
1651429773201166.0,0.999952,0.9999115999999999
1651429825901709.0,0.999951909090909,0.9999187727272727
1651429890804804.5,0.9999585925925926,0.9999196296296297
1651429955215483.2,0.9999675,0.9999260625
1651429998790159.8,0.9999650833333332,0.9999264999999999
1651430072316333.0,0.999964,0.999926125
1651430130881045.8,0.9999616176470587,0.9999132647058824
1651430188739369.2,0.9999548749999999,0.9999025
1651430247341626.0,0.9999325555555555,0.9998965555555556
1651430304827125.2,0.9999263529411764,0.9998949999999999
1651430376914594.2,0.9999223571428572,0.9998945714285714
1651430410191506.8,0.9999226666666667,0.9998947777777778
1651430493471661.0,0.999923,0.999896
1651430559453531.0,0.999923,0.999896
1651430629603499.8,0.9999228,0.999896
1651430666841902.0,0.9999226666666666,0.9998953333333334
1651430712926849.5,0.999922,0.9998944666666667
1651430796627096.2,0.9999222222222222,0.999894111111111
1651430857911145.0,0.9999224444444444,0.9998953333333334
1651430925377983.2,0.9999227142857142,0.9998954285714285
1651430973764725.0,0.9999224545454546,0.9998957272727274
1651431035180629.0,0.9999223181818181,0.9998948181818181
1651431100050389.8,0.9999226666666667,0.9998946666666666
1651431164232593.2,0.9999224999999999,0.9998943333333333
1651431220646285.0,0.9999219999999999,0.9998919090909091
1651431251103247.5,0.999922,0.999894
1651431337193446.5,0.9999432608695653,0.9998956956521738
1651431391093230.0,0.9999423000000001,0.9998987500000001
1651431437599209.2,0.9999337142857143,0.9998972142857142
1651431502977119.8,0.9999302727272728,0.9998953636363637
1651431572254689.2,0.9999293333333332,0.999896
1651431632342109.0,0.9999304210526316,0.9998969473684212
1651431686861200.8,0.9999351363636364,0.9998935
1651431744856034.8,0.9999293076923077,0.999894
1651431813882741.0,0.9999255789473684,0.999894947368421
1651431859907666.5,0.9999269090909091,0.9998966363636363
1651431929637904.0,0.9999264444444445,0.9998970000000001
1651431988175982.2,0.9999268888888889,0.9998970000000001
1651432031527954.8,0.9999266666666666,0.9998970000000001
1651432105898386.0,0.999927,0.999897
1651432180900017.0,0.9999267777777777,0.9998965555555556
1651432223458826.0,0.9999257647058823,0.9998959411764706
1651432300553371.0,0.9999257083333334,0.9998952499999999
1651432364948016.2,0.9999267272727272,0.9998966363636363
1651432415421457.8,0.9999252142857143,0.9998964285714286
1651432473478989.8,0.9999259999999999,0.9998957777777778
1651432541967430.5,0.9999257333333332,0.999896
1651432590746403.0,0.999925,0.999896
1651432654591612.5,0.9999249999999998,0.9998957777777778
1651432711278254.8,0.999925,0.999896
1651432768072707.8,0.99992575,0.999896
1651432830899143.5,0.9999253571428571,0.9998949999999999
1651432879901296.0,0.9999242777777777,0.9998948888888888
1651432942257055.2,0.999929,0.9998961333333334
1651433003131284.0,0.999928,0.9998964285714286
1651433074398382.5,0.9999290769230769,0.9998967692307693
1651433135125814.5,0.9999288,0.99989715
1651433181850545.5,0.9999247058823528,0.9998974117647059
1651433248216531.5,0.9999277058823528,0.9998983529411765
1651433319684028.2,0.9999280000000002,0.9998984545454545
1651433378216685.2,0.9999274705882354,0.9998981764705883
1651433428935047.0,0.9999254,0.9998971999999999
1651433486350619.5,0.999924,0.9999108
1651433555006044.5,0.9999239333333334,0.9999056666666667
1651433617920209.5,0.999925076923077,0.9998976153846153
1651433673429427.8,0.9999267272727272,0.9998998181818183
1651433724798787.2,0.9999261666666667,0.9999003333333333
1651433764217571.0,0.999926,0.999901
1651433859054539.0,0.999927,0.9999008125000001
1651433901688387.0,0.9999326875,0.9999175
1651433966966999.2,0.9999330000000001,0.9999233000000001
1651434040438272.0,0.9999336956521738,0.9999279999999999
1651434086613715.5,0.9999327857142857,0.9999179285714286
1651434151553750.0,0.999932,0.9999140000000001
1651434216374236.0,0.999931,0.9999139999999999
1651434259491801.2,0.999931,0.9999139999999999
1651434334418009.2,0.9999309999999999,0.999914
1651434396918981.8,0.999931,0.9999169090909091
1651434434715660.8,0.9999315,0.9999190263157893
1651434503179329.5,0.9999316,0.999927
1651434594107382.8,0.9999315757575759,0.9998657272727274
1651434636101447.2,0.9999290909090909,0.999896
1651434672044294.8,0.9999267777777777,0.999895
1651434736482861.5,0.999925,0.9998945714285714
1651434806416010.8,0.9999265833333334,0.9998953333333334
1651434878146615.2,0.9999248333333334,0.9998950833333332
1651434943651936.0,0.9999236666666667,0.99989475
1651434982579036.2,0.9999207857142858,0.9998964285714286
1651435051919120.8,0.9999201,0.9999058999999999
1651435104330157.2,0.9999189999999999,0.9999006666666667
1651435163824285.2,0.9999193125,0.9998971249999999
1651435227119577.8,0.9999176363636363,0.999895
1651435283681386.2,0.9999135384615385,0.999895
1651435360284920.2,0.9999127333333333,0.999895
1651435409606669.0,0.9999133157894737,0.9998948157894737
1651435470465618.8,0.9999117857142857,0.9998942857142856
1651435529444522.5,0.9999108,0.9998950000000001
1651435600417995.2,0.999909,0.9998948333333333
1651435644066165.8,0.9999090000000002,0.9998945454545454
1651435698006774.0,0.999909,0.999895
1651435772163189.0,0.99990908,0.9998952
1651435834282708.0,0.999909,0.9998959999999999
1651435872317009.5,0.9999087272727273,0.999896
1651435951345800.5,0.9999088823529412,0.9998960000000001
1651436006556001.5,0.9999079999999999,0.999896
1651436066784068.8,0.9999088235294119,0.9998960000000001
1651436123300832.8,0.9999125294117647,0.9998960000000001
1651436182765170.8,0.9999129999999999,0.999896
1651436250082966.2,0.9999122142857143,0.999896
1651436324037600.8,0.999912,0.999896
1651436370456343.5,0.9999119999999999,0.999896
1651436435733391.8,0.9999127894736843,0.999896
1651436485553753.2,0.999914,0.999898125
1651436540232088.5,0.9999136,0.9999048
1651436618044030.0,0.999913,0.999912
1651436661012725.0,0.999914,0.9999128181818182
1651436731157998.8,0.999914,0.9999129999999999
1651436789323382.5,0.999914,0.999913
1651436839237289.0,0.9999093333333333,0.9998576666666666
1651436921049044.8,0.9998986842105263,0.9998639999999999
1651436955523190.2,0.9998985,0.999866
1651437016185260.0,0.9998947837837838,0.9998452702702704
1651437089686401.8,0.9998875882352941,0.9998479999999998
1651437141932791.0,0.999886,0.9998418260869564
1651437209555778.5,0.9998795625,0.999840875
1651437268790876.8,0.9998836428571429,0.999841
1651437319061470.5,0.999883,0.9998406
1651437391169184.8,0.9998764444444446,0.999841
1651437463381832.8,0.9998704545454546,0.9998405454545455
1651437506487420.0,0.99987,0.9998404999999999
1651437569031961.2,0.99987,0.99984
1651437634419677.5,0.99987125,0.99984055
1651437686958469.8,0.9998693636363637,0.9998406363636363
1651437756698438.0,0.999869,0.9998401666666666
1651437803177599.2,0.9998711818181818,0.9998406363636363
1651437876282369.2,0.9998726666666666,0.999841
1651437917317856.8,0.9998819459459459,0.9998415405405406
1651437992592036.5,0.9998931764705882,0.999845705882353
1651438046691512.2,0.9998836071428572,0.9998415357142857
1651438099772610.8,0.99987375,0.999841
1651438185066750.2,0.9998808888888888,0.999841
1651438225011210.8,0.99988125,0.999841
1651438281777971.8,0.9998821153846154,0.9998424615384616
1651438354761957.5,0.9998804761904762,0.9998461428571429
1651438410473022.2,0.9998772,0.9998418000000001
1651438477022145.8,0.999885,0.9998403636363636
1651438538786035.8,0.9998913913043479,0.9998411739130435
1651438592410669.5,0.9998946538461537,0.9998480000000001
1651438651096052.5,0.999894,0.9998445499999999
1651438715263590.5,0.999894,0.9998459444444444
1651438769891186.2,0.99989412,0.9998511999999999
1651438820888784.5,0.999892,0.9998495
1651438883275737.2,0.9998874666666667,0.9998505333333334
1651438944006408.8,0.999886,0.9998516363636363
1651439018564352.5,0.999886,0.9998517499999999
1651439053980297.2,0.9998862222222223,0.9998781111111111
1651439133140692.8,0.9999003,0.999867425
1651439194062345.2,0.9999067647058825,0.9998709999999998
1651439254238617.2,0.9999129523809523,0.9998734761904762
1651439293014011.2,0.9999181304347826,0.9998821739130435
1651439379027185.5,0.9999205999999999,0.999887
1651439429948105.8,0.9999188888888888,0.9998863333333333
1651439486372446.5,0.9999153636363637,0.999886
1651439551675933.5,0.999914,0.999886
1651439600304565.0,0.999918125,0.999887
1651439668698759.5,0.9999159999999999,0.9998720952380952
1651439742334633.5,0.9999149999999999,0.99987
1651439793921487.0,0.9999155,0.9998704999999999
1651439853394726.2,0.9999055384615385,0.999871
1651439908499224.5,0.999903,0.999871
1651439957191385.5,0.999903,0.999871
1651440030728192.0,0.999903,0.999871
1651440094050551.2,0.9999027894736842,0.9998936842105263
1651440155459605.8,0.999903,0.999902
1651440201692478.0,0.999903,0.9999019
1651440291908058.0,0.999903,0.999869888888889
1651440340521267.0,0.999903,0.9998706
1651440396886378.0,0.9999027142857143,0.9998733571428572
1651440437337555.5,0.9999005555555556,0.9998736666666667
1651440509717122.0,0.999899,0.999873
1651440553036149.2,0.9998989999999999,0.999873
1651440629517075.0,0.999899,0.999873
1651440694958137.2,0.9998982999999999,0.999873
1651440751765185.8,0.999897,0.9998725714285713
1651440805971908.2,0.999897,0.9998726
1651440864967105.8,0.999897,0.999873
1651440926944970.0,0.9998969999999999,0.9998726315789473
1651440989805577.0,0.9998970000000001,0.999873
1651441036776569.0,0.999897,0.9998737
1651441115652203.5,0.999897,0.999873625
1651441182342014.5,0.999897,0.9998729999999999
1651441225957007.2,0.999897,0.9998729999999999
1651441276567112.5,0.99989665625,0.999868625
1651441339200426.2,0.9998951333333334,0.9998692000000001
1651441397653488.8,0.9998948333333333,0.999869
1651441473244082.0,0.999895,0.999869
1651441532656636.0,0.999895,0.999869
1651441591131150.2,0.9998936428571428,0.9998695714285715
1651441644313896.8,0.999891,0.99987
1651441712722982.5,0.9998910000000001,0.9998699999999999
1651441799637300.0,0.999891,0.99987
1651441826543131.8,0.999891,0.99987
1651441886715432.8,0.9998910000000001,0.999869
1651441942502694.8,0.9998919999999999,0.9998693076923076
1651442000173120.5,0.99989025,0.999869
1651442058822413.0,0.99989,0.999869
1651442126700206.5,0.9998906249999999,0.999869625
1651442203185474.2,0.99989025,0.999869
1651442249294057.0,0.9998878181818182,0.999869
1651442305962671.2,0.999887,0.999869
1651442356201323.8,0.9998869999999999,0.999869
1651442441012873.2,0.9998873333333332,0.999869
1651442491362491.2,0.9998877272727273,0.9998693636363637
1651442561656244.5,0.9998858292682927,0.999849512195122
1651442610895268.2,0.999884875,0.9998698125000001
1651442673930439.2,0.999885,0.9998699285714286
1651442725057172.8,0.999885,0.99987
1651442784551533.0,0.999885,0.99987
1651442847811975.0,0.999885,0.9998707499999999
1651442909477866.8,0.999885,0.9998710000000001
1651442977962175.5,0.999885,0.9998701111111112
1651443025917390.8,0.9998846666666666,0.99987
1651443073193749.5,0.9998841052631579,0.9998696842105265
1651443155656648.8,0.9998834285714285,0.999869
1651443206158900.2,0.9998829999999999,0.9998694117647058
1651443265966389.8,0.9998830000000001,0.9998699090909091
1651443314416584.0,0.999883,0.9998710000000001
1651443393516524.8,0.9998827857142857,0.9998706428571429
1651443451631696.5,0.999881,0.999871
1651443509277521.2,0.999881,0.999871
1651443556565253.5,0.999881,0.999871
1651443641510856.0,0.999881,0.999871
1651443679481798.8,0.9998834999999999,0.9998713
1651443755789362.5,0.999884,0.999872
1651443811997166.0,0.9998833125,0.9998710624999999
1651443863598940.2,0.9998818484848486,0.9998620303030302
1651443930108986.8,0.9998812000000001,0.9998701000000001
1651443987342276.0,0.999882,0.9998701000000001
1651444042508718.5,0.9998809230769231,0.9998700769230768
1651444104021960.0,0.99988,0.9998710000000001
1651444170614726.2,0.99988,0.9998705714285714
1651444239652531.8,0.999890625,0.9998711874999999
1651444306389592.0,0.9998993076923076,0.9998713846153845
1651444350084936.0,0.999898,0.9998710000000001
1651444410809557.0,0.999898,0.999871
1651444486711498.0,0.999898,0.999871
1651444512802490.0,0.999898,0.999871
1651444600195387.2,0.9998974,0.999871
1651444665119002.2,0.999896,0.999871
1651444723095731.0,0.9998981666666666,0.9998710000000001
1651444777546220.0,0.999898,0.9998710000000001
1651444830525236.0,0.99989825,0.999890375
1651444877522954.8,0.9998989677419354,0.999885129032258
1651444925607603.0,0.9998962777777778,0.9998627222222223
1651445010224771.2,0.9998948999999999,0.9998696
1651445069854582.2,0.9998950000000001,0.999871
1651445128146692.5,0.9998947499999999,0.999871
1651445200928839.8,0.9998936666666666,0.99987
1651445256692535.2,0.999893,0.999869
1651445313623733.2,0.9998933333333334,0.9998693333333334
1651445372073519.5,0.9998912857142858,0.999869
1651445424496985.0,0.999891,0.999869
1651445513124197.8,0.9998996842105262,0.9998691578947367
1651445539500132.5,0.9999021428571429,0.9998707142857143
1651445600442548.8,0.999899,0.99987
1651445673319524.8,0.999899,0.99987
1651445734556745.8,0.999900625,0.999870375
1651445791945385.5,0.9999054666666667,0.9998679333333332
1651445850517089.2,0.9999012399999999,0.999869
1651445909447576.0,0.999896,0.999869
1651445968868547.8,0.999896,0.999869
1651446048271714.8,0.999896,0.999869
1651446107542382.0,0.9999503529411764,0.9998890588235295
1651446153858000.8,0.999963,0.999962
1651446203108025.8,0.999962,0.9999551176470589
1651446272366545.5,0.999961,0.9999501428571429
1651446318605137.5,0.999961,0.99996
1651446388609027.2,0.999961,0.99996
1651446458274099.5,0.999961,0.99996
1651446515117712.5,0.9999610000000001,0.99996
1651446578221196.8,0.999962,0.99996075
1651446648015657.5,0.999962,0.999961
1651446708309988.8,0.9999601379310346,0.9999058620689655
1651446743482101.0,0.999947054054054,0.9998777027027027
1651446807590701.8,0.9999322727272728,0.9998787575757575
1651446884194895.5,0.9999424166666666,0.9998745555555555
1651446919453840.2,0.9999366973684211,0.9998740526315789
1651446986999763.0,0.999908125,0.999875
1651447053692654.5,0.9999079333333333,0.9998767333333334
1651447118133069.8,0.99990548,0.9998722800000001
1651447160946155.0,0.9999204318181818,0.9998785681818183
1651447232712131.8,0.999913,0.999909
1651447283195267.2,0.9999127,0.9999093
1651447368826866.2,0.9999122857142858,0.999909
1651447424741702.8,0.999912,0.999909
1651447486653870.0,0.9999632608695651,0.9998762049689441
1651447541961995.5,0.9999509999999999,0.9999499999999999
1651447596691368.0,0.9999505000000001,0.9999379999999999
1651447650019149.0,0.9999499999999999,0.9999457777777777
1651447699499738.5,0.9999491818181817,0.9999432727272727
1651447774503264.2,0.999949,0.999938625
1651447834699840.0,0.9999499000000001,0.9999446000000001
1651447894701088.8,0.9999478108108109,0.9999107567567568
1651447939497184.0,0.999969612244898,0.9999035510204081
1651448013928746.2,0.9999589999999999,0.9999557142857143
1651448063446680.0,0.999959,0.9999488888888889
1651448131958566.0,0.9999595555555556,0.9999578888888888
1651448179779580.5,0.9999583333333333,0.9999473333333333
1651448257244099.8,0.999958,0.9999386666666666
1651448309034899.8,0.999958,0.9999376666666667
1651448371807644.0,0.9999579999999999,0.9999526363636364
1651448426460117.0,0.999958,0.999955
1651448478280432.0,0.9999564999999999,0.999955
1651448547003450.8,0.9999559999999998,0.9999455000000002
1651448603061381.2,0.999956,0.9999413333333335
1651448676692261.5,0.999956,0.999943
1651448731679303.5,0.999956,0.9999458461538461
1651448769404283.0,0.9999566,0.999949
1651448904264180.8,0.999956,0.9999492222222222
1651448974650801.0,0.999956,0.99995
1651449030996248.0,0.9999559999999998,0.9999342999999999
1651449085199170.8,0.999956,0.9999345714285715
1651449144661985.5,0.9999559999999998,0.9999306000000001
1651449202596208.8,0.999956,0.999931
1651449279367187.2,0.9999559999999998,0.9999292000000001
1651449326832652.2,0.9999562727272727,0.9999300000000001
1651449384725828.5,0.99995475,0.99993
1651449454328959.8,0.999956125,0.99993075
1651449515274172.5,0.9999584705882353,0.999930588235294
1651449581640371.2,0.999958,0.99993
1651449621677445.8,0.99996036,0.99993088
1651449695234211.5,0.9999610000000001,0.999932
1651449754792064.0,0.9999602857142857,0.9999317142857144
1651449807938261.8,0.9999596363636364,0.9999310909090909
1651449928398163.0,0.9999590000000002,0.9999309999999999
1651449973979980.0,0.999959,0.999931
1651450066912236.5,0.9999590000000002,0.9999312
1651450105410394.8,0.999959,0.9999303333333334
1651450168001660.8,0.999959,0.9999296666666666
1651450246743698.0,0.999959,0.999928
1651450301277740.0,0.9999594,0.9999282
1651450341616132.8,0.9999594285714286,0.999929
1651450411150628.8,0.9999590000000002,0.9999290000000001
1651450485361839.8,0.999959,0.999929
1651450531849404.0,0.999959,0.999929
1651450594092695.0,0.999959,0.9999285
1651450663323111.8,0.999959,0.999928
1651450706571751.0,0.999959,0.999928375
1651450769683223.8,0.9999591999999999,0.9999283999999999
1651450837173753.8,0.999959,0.9999282727272728
1651450894451934.0,0.9999589999999999,0.9999252857142856
1651450943924559.0,0.9999590000000002,0.9999214000000001
1651451011878641.5,1.0000151593406594,0.9999363736263736
1651451066275844.5,1.0000324615384615,1.0000101794871794
1651451121951067.0,1.0000262777777778,1.0000155
1651451187816819.2,1.000026,1.0000236249999999
1651451259299940.2,1.000026,1.0000155384615383
1651451304365180.0,1.000026,1.000010875
1651451382605479.5,1.000026,1.00001
1651451437499901.8,1.0000146444444444,0.9999797777777778
1651451486041980.2,0.9999951666666665,0.9999828333333333
1651451540428735.2,0.9999950833333333,0.9999851666666667
1651451604709670.0,0.9999949999999999,0.999985
1651451678132191.5,0.999995,0.9999722
1651451724412059.5,0.999995,0.9999713333333333
1651451779132816.0,0.999995,0.9999767
1651451852954838.0,0.9999949999999999,0.99997225
1651451910500857.2,0.9999943076923077,0.999970153846154
1651451972018416.5,0.999994,0.9999792142857142
1651452029263835.5,0.999994,0.9999752000000001
1651452078137045.8,0.999994,0.999971
1651452139812194.0,0.999994,0.999971
1651452213587846.0,0.9999942500000001,0.9999711250000001
1651452269008497.0,0.999994,0.9999715
1651452325364312.2,0.999994,0.999971
1651452380392091.5,0.999994,0.999971
1651452450720858.2,0.999994,0.999971
1651452509865069.5,0.999994,0.999971
1651452563081487.5,0.9999942857142857,0.9999714285714286
1651452625161850.8,0.999994,0.999972
1651452686103784.0,0.999994,0.9999715
1651452750817218.0,0.99999425,0.9999711666666666
1651452812487876.8,0.9999941666666667,0.9999733333333333
1651452869868318.0,0.999994,0.999975
1651452926747647.2,0.999994,0.999975
1651452982937340.0,0.9999804999999999,0.999975
1651453046763477.5,0.999976,0.999975
1651453093124653.0,0.999976,0.999975
1651453169914806.0,0.999976,0.9999749999999998
1651453221358452.0,0.999976,0.999975
1651453288621640.0,0.999976,0.9999749999999998
1651453349530754.8,0.999976,0.999975
1651453411737541.5,0.999976,0.9999749999999998
1651453472213764.8,0.999976,0.999975
1651453537568112.0,0.999976,0.999975
1651453597851850.8,0.999976,0.999975
1651453648546869.5,0.999976,0.9999749999999998
1651453704662661.0,0.999976,0.999975
1651453834158525.0,0.999976,0.999975
1651453896890969.5,0.999976,0.9999749999999998
1651453973639373.5,0.999976,0.999975
1651454015002410.2,0.999976,0.999975
1651454076585778.0,0.999976,0.999975
1651454123516333.5,0.999976,0.9999749999999998
1651454182293325.5,0.999976,0.999975
1651454266546177.5,0.999976,0.999975
1651454320847724.2,0.999976,0.999975
1651454373871383.5,0.999976,0.9999749999999998
1651454439537920.5,0.999976,0.999975
1651454494565332.8,0.999976,0.999975
1651454553952792.5,0.999976,0.999975
1651454630586979.5,0.9999756,0.999968
1651454667972008.0,0.999974,0.999965
1651454739428448.0,0.999974,0.999965
1651454786818645.2,0.999974,0.999951
1651454838582892.0,0.9999666603773585,0.9999276226415095
1651454914468335.5,0.9999568571428571,0.999925
1651454969041708.8,0.9999559999999998,0.9999226
1651455031534540.8,0.9999375,0.999921
1651455084398418.0,0.9999316,0.999921
1651455148482334.0,0.9999319999999999,0.999921
1651455224975727.5,0.999932,0.999921
1651455272367445.0,0.999932,0.9999176153846153
1651455358171711.8,0.999932,0.999917
1651455400663393.2,0.999932,0.999917
1651455456463777.2,0.999932,0.999917
1651455517583217.5,0.999932,0.999917
1651455550956307.8,0.9999311538461538,0.9998991648351648
1651455645406730.8,0.9999231999999999,0.9998910000000001
1651455679267236.0,0.9999212105263158,0.9998774736842106
1651455744170472.8,0.99991675,0.99988
1651455810750666.5,0.9999172,0.9998799999999999
1651455855551305.0,0.999917,0.99988
1651455949602781.8,0.999915,0.99988
1651455989039051.5,0.999910076923077,0.99988
1651456058100712.0,0.999909,0.99988
1651456108008643.8,0.9999088333333334,0.9998734166666666
1651456197290415.5,0.999908,0.999872
1651456225630562.8,0.9999205454545453,0.9998752727272728
1651456293555882.5,0.99992,0.999878
1651456356789480.2,0.9999196666666667,0.9998748333333333
1651456422709692.5,0.9999162631578947,0.9998725263157895
1651456464375975.2,0.9999186999999999,0.999875
1651456532279044.5,0.9999182857142858,0.999875
1651456595886552.5,0.9999110555555555,0.9998755555555555
1651456639788876.2,0.999909,0.9998780000000002
1651456721112749.2,0.9999168,0.999878
1651456768861735.2,0.9999301363636364,0.9998740454545455
1651456831805948.2,0.9999198571428571,0.999872
1651456892276802.8,0.999915642857143,0.9998722142857143
1651456945422524.2,0.9999192666666666,0.9998783333333333
1651457000132632.0,0.9999338571428572,0.9998994285714286
1651457079722057.0,0.999934,0.9998973999999999
1651457140691227.0,0.9999316333333332,0.9998731666666667
1651457185202059.8,0.9999205588235294,0.9998708235294117
1651457260099342.5,0.9998989999999999,0.999871
1651457315591304.5,0.9998989999999999,0.999871
1651457351376517.2,0.999899,0.9998710000000001
1651457412455528.2,0.9998981666666666,0.9998701666666667
1651457483944129.8,0.9998983333333333,0.9998705
1651457546613981.0,0.9999282272727273,0.9999050909090909
1651457605730674.5,0.9999408461538462,0.9999216923076923
1651457669279573.8,0.9999603191489361,0.999922
1651457722722611.0,0.9999481818181818,0.9999105
1651457795209827.8,0.9999458636363635,0.9999115
1651457861586208.0,0.999948,0.999922
1651457886183241.8,0.9999454545454545,0.9999182727272727
1651457985082092.0,0.999934,0.999918
1651458027204908.0,0.999934,0.999918
1651458108170166.8,0.9999577027027027,0.9999206756756757
1651458120817604.0,0.999944,0.999922
1651458199177251.5,0.999944,0.999922
1651458287354097.2,0.999944,0.9999216666666667
1651458304909080.0,0.999944,0.999922
1651458400143174.0,0.999944,0.999922
1651458455350791.5,0.9999401250000001,0.99992025
1651458492947110.2,0.9999436923076923,0.9999207692307692
1651458571098712.2,0.999944,0.999922
1651458622614178.0,0.999942888888889,0.9999211111111111
1651458680161563.5,0.9999335714285714,0.99992
1651458733678444.8,0.999934,0.99992
1651458791365714.0,0.999934,0.99992
1651458866835086.0,0.9999366999999999,0.9999228
1651458952733229.2,0.999943,0.9999291666666666
1651458986245183.0,0.999943,0.999936888888889
1651459044813371.5,0.999943,0.9999407142857143
1651459117858694.0,0.999943,0.9999410000000001
1651459143430291.0,0.999943,0.999941
1651459238005127.5,0.999943,0.999941
1651459279060966.2,0.999943,0.9999342727272726
1651459361497365.5,0.999943,0.9999260000000001
1651459421883529.0,0.9999420000000001,0.999924
1651459474533668.2,0.999942,0.999924
1651459536636162.0,0.9999419215686274,0.9999096862745097
1651459591457539.2,0.9999410000000001,0.9999061666666668
1651459650944645.8,0.9999396666666667,0.9999091111111112
1651459714314892.8,0.9999367777777777,0.9999023333333334
1651459799089637.0,0.999933,0.999901
1651459820824210.2,0.9999318571428572,0.9999011428571428
1651459884551235.5,0.9999309999999999,0.9999009000000001
1651459952541416.0,0.999931,0.99989925
1651460013458732.0,0.999931,0.9998978749999999
1651460090022997.0,0.999931,0.9998942666666667
1651460107091115.0,0.999931,0.99989
1651460196973655.0,0.999925638888889,0.9998851944444446
1651460238404452.2,0.999914,0.999882
1651460332477397.0,0.999911,0.999882
1651460378120166.8,0.9999074225352113,0.9998662676056338
1651460450360690.0,0.9999059999999999,0.999869
1651460497118988.5,0.9999060163934427,0.999870131147541
1651460549436174.5,0.9999031818181817,0.9998703636363636
1651460624638646.8,0.9999067,0.9998711
1651460671330975.5,0.999907,0.999872
1651460742861417.8,0.999907,0.99987225
1651460800872388.2,0.9999038888888888,0.9998730000000001
1651460844128797.2,0.999902,0.999873
1651460891078666.5,0.999902,0.999873
1651460995511759.0,0.999902,0.999873
1651461048626490.0,0.999902,0.999873
1651461098106016.8,0.999902,0.999873
1651461161405042.5,0.999902,0.999873
1651461198132217.0,0.9999014444444444,0.9998703333333333
1651461290230070.0,0.999902,0.999871
1651461321482344.5,0.999901,0.9998706
1651461403431453.5,0.999898625,0.99987
1651461438261014.0,0.99989625,0.99987
1651461525739565.2,0.999896,0.9998706666666667
1651461559600912.5,0.9998951428571428,0.9998702857142857
1651461630461552.2,0.999895,0.99987
1651461706689586.0,0.999895,0.99987
1651461749786141.0,0.999895,0.9998697692307693
1651461828339721.5,0.9998982857142857,0.9998690714285715
1651461874845508.0,0.9998999999999999,0.99987
1651461923311725.5,0.9999,0.9998702500000001
1651461995854164.8,0.99989875,0.99987025
1651462050095292.8,0.999896,0.99987
1651462103484850.5,0.999896,0.99987
1651462165544611.2,0.999896,0.99987
1651462237930832.0,0.999896,0.9998692
1651462294974222.2,0.9999457142857143,0.9998722244897958
1651462344394538.0,0.999925,0.999923
1651462415110206.2,0.9999256666666666,0.9999245555555556
1651462478798447.8,0.9999256666666666,0.9999216666666667
1651462527885180.0,0.9999278947368421,0.9999211052631579
1651462576732374.8,0.999934,0.999915
1651462642976740.0,0.999934,0.9999145
1651462710105256.8,0.9999245,0.999913
1651462781108986.5,0.999921,0.9999060000000001
1651462839453662.2,0.9999203333333333,0.9998966666666668
1651462895328018.2,0.99992,0.999890375
1651462949875347.5,0.9999173888888888,0.9998779444444446
1651463007203988.0,0.9999105454545455,0.9998729999999999
1651463066232688.0,0.9999100909090909,0.9998723636363636
1651463120994553.8,0.9999100000000001,0.9998737777777779
1651463199581060.2,0.999909923076923,0.9998756153846154
1651463249062193.2,0.9999081176470588,0.9998780588235294
1651463304658797.0,0.999911125,0.9998781875
1651463368155668.2,0.999913,0.9998822727272727
1651463440826066.5,0.9999148,0.9998850000000001
1651463495637481.2,0.9999152,0.9998799999999999
1651463552808657.2,0.99992,0.9998806875
1651463603130836.8,0.9999198,0.9998765333333334
1651463672011358.0,0.9999140000000001,0.999869
1651463719388422.8,0.9999093333333334,0.999869
1651463788066861.8,0.999909,0.9998693333333334
1651463836283088.8,0.9999207586206896,0.9998723448275861
1651463894384225.5,0.99990525,0.999880875
1651463986160756.5,0.9998989999999999,0.999881
1651464029195080.8,0.999899,0.9998809999999999
1651464094325387.0,0.999899,0.9998809999999999
1651464156732330.0,0.999899,0.999881
1651464198941205.2,0.9998996666666667,0.9998739166666667
1651464269893049.8,0.999899,0.999869
1651464339340137.0,0.999899,0.999869
1651464391925701.0,0.999899,0.999869
1651464441021436.0,0.999899,0.9998691666666667
1651464504910916.5,0.999899,0.999869
1651464579056481.0,0.999899,0.999869
1651464698217091.8,0.999899,0.9998693333333334
1651464744229129.2,0.999899,0.9998690000000001
1651464803528008.5,0.999899,0.999869
1651464892317327.2,0.9998998571428571,0.999869
1651464927329446.0,0.9999,0.999869
1651464986210574.0,0.9998999999999999,0.999869
1651465031351572.5,0.9999,0.999871
1651465103936626.8,0.9998999999999999,0.9998698333333333
1651465165600131.0,0.9998999999999999,0.999869
1651465235188020.2,0.9999,0.999869
1651465283748122.5,0.9999001428571429,0.9998683571428572
1651465344450401.5,0.9999,0.9998692
1651465401802722.8,0.9998999999999999,0.999869
1651465475374967.0,0.9998999999999999,0.999869
1651465529174118.5,0.9999,0.999869
1651465586149287.0,0.9998999999999999,0.999869
1651465647024829.5,0.9998984615384615,0.9998690000000001
1651465695505725.8,0.999898,0.999869
1651465784670725.5,0.999898,0.999869
1651465851661817.0,0.999898,0.999869
1651465881199230.0,0.999898,0.999869
1651465941493678.8,0.999898,0.999869
1651465995204864.2,0.999898,0.999869
1651466073695689.5,0.999898,0.999869
1651466259528400.0,0.999898,0.999869
1651466298804843.5,0.999898,0.999869
1651466352568869.2,0.999897,0.999869
1651466421047470.0,0.999896,0.999869
1651466499667367.0,0.999896,0.999869
1651466568398846.5,0.999896,0.999869
1651466622488404.5,0.999896,0.999869
1651466671973063.8,0.999896,0.999869
1651466732991960.5,0.9998965789473685,0.9998702105263159
1651466781213878.8,0.9998970000000001,0.9998710000000001
1651466841954402.0,0.9998970000000001,0.9998714999999999
1651466921098697.2,0.9998968095238095,0.9998713809523808
1651466978720439.5,0.9998974666666667,0.9998722
1651467024181777.2,0.999898,0.9998721666666667
1651467095320000.2,0.9998974285714286,0.999872
1651467152773965.8,0.9998976666666667,0.9998720000000001
1651467219066394.8,0.999897,0.999872
1651467281330038.0,0.9998989285714286,0.9998724285714287
1651467341232166.0,0.999899,0.9998707777777778
1651467464986900.5,0.9998986000000001,0.9998693
1651467504580871.5,0.9998962,0.999869
1651467558580980.8,0.999896,0.999869
1651467635251555.5,0.9998964444444444,0.9998696666666667
1651467681936591.8,0.999896,0.9998691666666667
1651467747225964.0,0.999896,0.999869
1651467822273004.0,0.9998962857142857,0.999869
1651467851465625.8,0.999896,0.99987
1651467941922790.0,0.9998956666666666,0.99987
1651467991063034.2,0.99989625,0.9998705
1651468048472700.0,0.999897,0.999871
1651468094887278.5,0.9998967999999999,0.9998706
1651468199881323.0,0.999896,0.99987
1651468228675512.5,0.999896,0.99987
1651468295778374.0,0.999896,0.99987
1651468354590933.8,0.999896,0.99986975
1651468424627046.2,0.999896,0.9998630000000001
1651468464810980.2,0.999896,0.999869
1651468539371710.8,0.999896,0.999869
1651468588566544.0,0.999896,0.999869
1651468649306938.2,0.9998958,0.9998696
1651468722607311.8,0.999895,0.999869
1651468794689886.5,0.999895,0.999869
1651468804923690.8,0.999895,0.999869
1651468886012797.8,0.999895,0.999869
1651469016046059.5,0.999895,0.999869
1651469078271893.2,0.9998951999999999,0.9998632000000001
1651469150897233.5,0.999895,0.999869
1651469200407629.0,0.999895,0.999869
1651469248280386.8,0.9998946666666666,0.999869
1651469300827102.2,0.999894,0.999869
1651469379274055.0,0.9998944,0.9998692
1651469423403533.2,0.999894,0.999869
1651469486441009.2,0.999894,0.999869
1651469570025935.2,0.9998943333333333,0.9998695
1651469605364115.0,0.999892625,0.99987
1651469665594725.8,0.999892,0.99987
1651469729119194.8,0.99989225,0.999869625
1651469797680300.0,0.9998923333333334,0.999869
1651469858658546.2,0.999892,0.999869
1651469923282144.5,0.99989225,0.9998695
1651469971774778.2,0.9998925000000001,0.9998691666666667
1651470034968296.5,0.999893,0.999869
1651470081080943.0,0.999893,0.99987
1651470142515866.8,0.999893,0.99987
1651470217005745.0,0.999893,0.99987
1651470267705937.2,0.999893,0.999869125
1651470337478119.8,0.9998927999999999,0.999869
1651470389114721.0,0.999893,0.999869
1651470443149901.0,0.999892,0.999869
1651470500137870.8,0.9998902857142856,0.999869
1651470569711262.8,0.9998907499999999,0.999869
1651470623770690.8,0.9998910000000001,0.999869
1651470689628018.0,0.999891,0.999869
1651470730650405.0,0.999891,0.99987
1651470872351750.2,0.9998925,0.99987
1651470983052851.0,0.999894,0.99987
1651471068216564.5,0.999894,0.99987
1651471115755181.2,0.999894,0.99987
1651471141948942.0,0.999894,0.99987
1651471227345864.0,0.999894,0.9998697142857144
1651471286868718.8,0.999894,0.9998699999999999
1651471352913003.0,0.9998939824561403,0.9998369473684211
1651471417663858.2,0.999894,0.999871
1651471444126814.0,0.999894,0.999871
1651471526579260.5,0.999894,0.999871
1651471586715080.2,0.999894,0.9998710000000001
1651471659641273.0,0.9998983333333332,0.9998710000000001
1651471693486362.2,0.9998997777777778,0.9998707777777778
1651471851889913.0,0.999899,0.999871
1651471894490503.8,0.999899,0.9998710000000001
1651471953769921.5,0.9998986666666667,0.9998705238095239
1651472001775871.5,0.999897,0.999871
1651472053847392.0,0.999897,0.999871
1651472104380840.0,0.999897,0.999871
1651472160721304.0,0.999897,0.999871
1651472248012221.5,0.999897,0.999871
1651472305390743.0,0.999897,0.999871
1651472374070842.5,0.999897,0.999871
1651472429470440.5,0.999897,0.999871
1651472497802847.2,0.9998970000000001,0.9998705
1651472548183726.2,0.9998970000000001,0.9998710000000001
1651472618725544.0,0.999897,0.999871
1651472668526840.5,0.999897,0.999871
1651472732313505.8,0.9998970000000001,0.9998710000000001
1651472799114130.5,0.999897,0.999871
1651472865125251.2,0.999896,0.999871
1651472898629421.5,0.999895,0.999871
1651472957595968.5,0.999895,0.999871
1651473033270313.2,0.9998948000000001,0.9998701999999999
1651473083482143.5,0.9998948888888888,0.9998702222222222
1651473160908347.2,0.999895,0.9998703333333333
1651473215208420.2,0.9998949999999999,0.999871
1651473290452197.2,0.9998950000000001,0.9998699302325582
1651473312919788.5,0.999895,0.9998700769230771
1651473384173180.0,0.999894875,0.999871375
1651473458780467.5,0.999895,0.999872
1651473508370097.5,0.999895,0.999872
1651473576920475.2,0.999895,0.999872
1651473630182538.2,0.9998950000000001,0.9998720000000001
1651473698770265.0,0.999895,0.999872
1651473742602562.5,0.9998950000000001,0.9998720000000001
1651473811182370.2,0.999895,0.999872
1651473881084304.2,0.9998950000000001,0.9998716
1651473945455757.2,0.9998950000000001,0.9998716
1651473970074167.5,0.9998946666666666,0.9998653333333334
1651474050611715.0,0.9998935,0.999869
1651474132128296.5,0.999893,0.999869
1651474161724291.0,0.999893,0.999869
1651474238280602.0,0.9998933333333334,0.9998693333333334
1651474279306387.0,0.9998937,0.9998696
1651474358370640.8,0.9998936666666666,0.9998693333333334
1651474414047284.5,0.9998937777777778,0.9998689999999999
1651474479149540.2,0.9998917777777778,0.9998693333333334
1651474529854832.0,0.999892,0.9998702500000001
1651474576315667.2,0.999892,0.9998710000000001
1651474651612587.2,0.9998919090909091,0.9998711818181818
1651474715252353.5,0.9998914999999999,0.999871
1651474756589959.0,0.999892,0.9998716666666666
1651474820425109.0,0.9998919333333334,0.9998714
1651474890559672.8,0.9998918571428571,0.9998705714285714
1651474944209374.5,0.9998912307692307,0.9998693846153847
1651475000319184.8,0.999892,0.9998705
1651475065766421.0,0.9998914444444443,0.99987
1651475133691606.0,0.9998912972972973,0.9998543783783784
1651475180126735.2,0.9998900000000001,0.9998416666666667
1651475243760072.0,0.9998900000000001,0.999869
1651475312708201.5,0.99989,0.999869
1651475370597313.0,0.99989,0.999869
1651475419880845.8,0.9998915384615384,0.9998692307692308
1651475488238513.8,0.999891,0.999869
1651475552958292.0,0.9998903333333332,0.999869
1651475625966363.0,0.999889,0.999869
1651475673850602.8,0.999889,0.999869
1651475753622225.0,0.999889,0.999869
1651475785531866.5,0.999889375,0.999869
1651475846465723.2,0.9998889999999999,0.999869
1651475920769747.0,0.999889,0.999869
1651475956892035.0,0.999889,0.999869
1651476035308042.0,0.999889375,0.999869
1651476087449519.0,0.9998904999999999,0.9998696666666667
1651476134629023.0,0.999891,0.999871
1651476218042142.0,0.999891,0.9998710000000001
1651476268058931.8,0.999891,0.999871
1651476348520487.0,0.999891,0.9998698125000001
1651476382040755.8,0.999891,0.9998701428571428
1651476445756825.5,0.9998908,0.9998699999999999
1651476490419837.0,0.9998905625,0.9998693750000001
1651476542439832.0,0.999889,0.999869
1651476639965339.0,0.999889,0.999869
1651476681435147.2,0.9998897333333333,0.9998698
1651476747119706.0,0.9998905,0.9998700714285714
1651476805593870.8,0.9998900000000001,0.9998710000000001
1651476854240211.0,0.9998897777777778,0.9998710000000001
1651476940424999.8,0.999889,0.9998710000000001
1651476988998257.8,0.9998896,0.999871
1651477036753398.0,0.9998897142857143,0.999871
1651477114270594.2,0.9998889999999999,0.999871
1651477157352262.0,0.99989005,0.999871
1651477203484671.0,0.999889,0.999871
1651477296829085.0,0.999889,0.999871
1651477368727415.0,0.999889,0.9998710000000001
1651477416724452.0,0.999889,0.999871
1651477480194278.2,0.9998894999999999,0.999871
1651477518485205.2,0.9998895714285714,0.999871
1651477610771384.5,0.99989,0.999871
1651477637429314.2,0.99989,0.999872
1651477721730075.2,0.9998932727272727,0.9998705454545455
1651477756220090.2,0.9998938181818182,0.9998698181818182
1651477822895504.0,0.9998925714285714,0.999871
1651477894152572.8,0.999894,0.9998710000000001
1651477926081088.0,0.999894,0.999871
1651478014899615.5,0.999894,0.999871
1651478123079881.0,0.9998936666666666,0.9998710000000001
1651478196281649.2,0.99988875,0.999871
1651478256471476.0,0.9998849285714285,0.9998707857142858
1651478327826632.0,0.99988,0.9998710000000001
1651478367776380.2,0.9998874615384616,0.9998702307692308
1651478434377975.2,0.999891,0.9998710000000001
1651478499762336.5,0.9998907142857142,0.9998705714285714
1651478552011351.8,0.9998906363636363,0.99987
1651478616924709.5,0.9998781250000001,0.99987
1651478681519406.0,0.999878,0.99987
1651478727233936.0,0.9998777142857144,0.9998700000000001
1651478783654005.5,0.9998779375000001,0.9998700625
1651478853435042.8,0.9998779375000001,0.99987
1651478912333828.2,0.9998855217391305,0.9998699999999999
1651478958792194.0,0.999888,0.999871
1651479024423168.0,0.9998781428571428,0.999871
1651479104219512.5,0.999876,0.999871
1651479153458525.0,0.999876,0.999871
1651479211767782.5,0.999877125,0.999871
1651479258700733.8,0.9998837142857143,0.999871
1651479318537312.2,0.9998801428571429,0.999871
1651479405891698.5,0.99987925,0.99985415
1651479441320825.0,0.999878,0.999869
1651479498635156.2,0.9998780000000002,0.999869
1651479586273143.5,0.999878,0.999869
1651479629550458.2,0.9998752857142857,0.9998691428571428
1651479690674846.5,0.999880875,0.9998698125000001
1651479745420503.0,0.9998773999999999,0.9998699999999999
1651479838249337.0,0.999876,0.99987
1651479860380366.8,0.9998714666666667,0.9998694
1651479937621279.8,0.99987,0.999869
1651480005024089.8,0.9998796875,0.99985734375
1651480065408094.5,0.9998883571428571,0.9998672500000001
1651480119801457.5,0.9998737826086956,0.9998693043478262
1651480168670601.0,0.999874,0.9998691666666667
1651480239460255.8,0.999878,0.999869
1651480295069049.2,0.9998755000000001,0.9998697
1651480350735683.0,0.999871375,0.99987
1651480417176403.0,0.9998710000000001,0.99987
1651480477964037.5,0.9998932727272727,0.9998700454545454
1651480532276297.8,0.9998975555555556,0.9998704444444445
1651480586189005.5,0.9998978,0.9998712
1651480642105632.0,0.999897375,0.99987125
1651480711888258.5,0.999897,0.999871
1651480779497662.0,0.999897,0.999871
1651480807267326.0,0.999897,0.999871
1651480886699083.8,0.9998952608695653,0.9998814347826087
1651480940531175.0,0.999899,0.9998975555555555
1651481030539739.0,0.999899,0.999898
1651481079497555.5,0.9998988888888888,0.9998962222222221
1651481132359997.2,0.999898,0.99989525
1651481192369898.8,0.999898,0.9998970000000001
1651481237748584.0,0.999898,0.999897
1651481305683998.2,0.999898,0.9998970000000001
1651481368572011.0,0.999898,0.9998970000000001
1651481409950151.2,0.999898,0.9998970000000001
1651481491828894.0,0.999898,0.999897
1651481545172561.2,0.999898,0.9998970000000001
1651481609237287.5,0.99989875,0.9998975
1651481680419969.2,0.999899,0.999898
1651481727253032.5,0.9998989999999999,0.999898
1651481765834421.5,0.999899,0.999898
1651481827998296.0,0.999899,0.999898
1651481921815497.0,0.999899,0.999898
1651481978349759.2,0.999899,0.999898
1651482039979772.8,0.9999001428571429,0.9998987857142857
1651482084395354.2,0.999908,0.9999049166666666
1651482145670762.2,0.999908,0.999907
1651482203000094.0,0.999908,0.999907
1651482258014911.8,0.999908,0.999907
1651482336484537.2,0.999908,0.999907
1651482381161771.5,0.9999079999999999,0.9998963
1651482443252187.8,0.999908,0.9999030000000001
1651482510307414.2,0.9999077142857143,0.9998955714285714
1651482573013279.0,0.999907,0.999893
1651482631286391.5,0.999907,0.99989225
1651482678268547.0,0.999907,0.9998923333333334
1651482742273593.0,0.999907,0.999893
1651482794319056.2,0.9999064000000001,0.999892
1651482860091093.5,0.9999068888888889,0.9998919999999999
1651482910458972.5,0.9999069999999999,0.9998919999999999
1651483051048091.5,0.999907,0.999892
1651483125011439.0,0.999907,0.999892
1651483162427752.8,0.999907,0.999892
1651483234733004.0,0.999907,0.999892
1651483298882885.5,0.9999073076923076,0.9998922307692308
1651483358119770.8,0.9999075,0.9998921666666667
1651483408120192.0,0.9999073571428572,0.9998925714285714
1651483472074768.0,0.9999076363636363,0.9998923636363636
1651483530087852.0,0.9999077777777777,0.9998923333333334
1651483586698217.0,0.999908,0.9998924166666666
1651483665358449.5,0.9999072,0.9998894999999999
1651483720479555.8,0.9999067391304348,0.999887
1651483764550544.0,0.999906,0.999887
1651483840422783.5,0.9999055555555556,0.9998825555555556
1651483900750518.0,0.9999058571428571,0.999881
1651484011453186.0,0.999905,0.999881
1651484059910027.8,0.9999052727272727,0.9998805454545454
1651484129962709.0,0.9999046666666668,0.9998749333333333
1651484198026042.0,0.999906,0.9998758823529411
1651484235115359.2,0.999906,0.9998792857142857
1651484319589146.0,0.9999053333333333,0.9998792222222223
1651484379997441.8,0.9999052727272727,0.9998792727272726
1651484433596928.8,0.9999055,0.9998794
1651484480366905.0,0.9999055555555556,0.9998794444444444
1651484554293997.0,0.9999,0.9998795
1651484600464890.5,0.9999,0.9998796000000001
1651484661977216.5,0.9998990624999999,0.9998755625
1651484741758420.0,0.9998985,0.999875375
1651484786356949.8,0.999899,0.999876
1651484843174734.5,0.999899,0.9998736
1651484922088031.8,0.999899,0.9998730909090909
1651484959462855.0,0.999898125,0.999873
1651485028642388.2,0.999898,0.999873
1651485074297688.8,0.999899,0.999873
1651485145110976.5,0.9998989333333334,0.9998732666666666
1651485234189817.2,0.9998986666666667,0.9998733333333334
1651485257740658.2,0.999899,0.9998730714285714
1651485324550615.8,0.999899,0.9998733333333334
1651485406029186.0,0.999899,0.999873
1651485427172539.0,0.999899,0.999873
1651485503954925.8,0.9998988095238095,0.9998728095238095
1651485575452114.5,0.9998967999999999,0.9998720000000001
1651485630124025.5,0.9998987954545455,0.9998722272727272
1651485682038179.0,0.9998987777777777,0.9998733333333334
1651485755882922.0,0.9998989999999999,0.9998734
1651485798860903.0,0.9999191794871795,0.9998841538461539
1651485856686574.0,0.999903,0.999893
1651485906685104.0,0.999901,0.999893
1651485985449970.2,0.999901,0.9998917777777778
1651486043631440.2,0.999901,0.999891
1651486093503682.2,0.9999007142857144,0.999884
1651486161614464.0,0.9999,0.9998823333333333
1651486230874382.5,0.9999,0.9998824285714286
1651486293880158.2,0.9998999999999999,0.999883
1651486339071332.0,0.9998999999999999,0.999883
1651486422809691.0,0.9998997894736842,0.9998783157894737
1651486475453775.8,0.999898,0.999876
1651486541641444.5,0.999898,0.999876
1651486588590958.2,0.999898,0.999876
1651486647385554.0,0.999898,0.999876
1651486705467106.2,0.999898,0.9998744
1651486768861666.5,0.999898,0.9998720000000001
1651486826671905.8,0.999898,0.9998707777777778
1651486885436490.8,0.999898,0.99987
1651486953054039.2,0.999898,0.9998695
1651487016916474.5,0.999899,0.9998697272727273
1651487069704023.5,0.9999,0.99987
1651487136145476.0,0.9999002857142857,0.9998700000000001
1651487187946078.0,0.999900125,0.9998702500000001
1651487246549911.8,0.999901,0.99987375
1651487302929303.5,0.9999007777777779,0.9998741111111111
1651487355457452.5,0.9999004285714286,0.999874
1651487429795499.8,0.9999001,0.9998739999999999
1651487501045103.5,0.9998988888888888,0.9998733333333334
1651487524160632.0,0.999898,0.999872
1651487609571184.8,0.999898,0.999871375
1651487692076165.8,0.9999023157894736,0.9998712631578948
1651487719430659.2,0.9999006428571429,0.9998724285714287
1651487771582757.8,0.9998986000000001,0.9998722000000001
1651487847992357.2,0.999898,0.9998720000000001
1651487908678636.5,0.9998985,0.99987275
1651487957643402.0,0.9998994999999999,0.999872625
1651488025982181.2,0.9998982222222222,0.9998720000000001
1651488087901958.0,0.9998995,0.9998723
1651488161825005.8,0.9998993636363637,0.9998724545454546
1651488219432074.8,0.9998987619047619,0.9998713333333333
1651488259312955.8,0.9998973333333333,0.9998686
1651488340607808.0,0.999897,0.999869
1651488398074711.0,0.999897,0.9998683636363637
1651488446610797.8,0.9998969000000001,0.999869
1651488504596752.0,0.9998971249999999,0.9998695
1651488560149042.5,0.99991105,0.9998707
1651488624537074.0,0.9999,0.999874
1651488696896507.8,0.9998999999999999,0.999874
1651488748745587.2,0.999899,0.9998710000000001
1651488814625820.0,0.999898,0.99987
1651488867639180.8,0.999898,0.99987
1651488932617673.0,0.9998975,0.99987
1651488970756332.0,0.999897,0.99987
1651489057000851.0,0.999897,0.9998699999999999
1651489120521089.0,0.9998962727272727,0.99987
1651489172040232.0,0.999896,0.9998695
1651489233331080.5,0.999896,0.999869
1651489296732650.0,0.999896,0.999869
1651489345610493.0,0.9998830000000001,0.999869
1651489411707591.8,0.99987,0.999869
1651489474023836.5,0.9998700000000001,0.999869
1651489527945519.5,0.9998700000000001,0.999869
1651489583746037.5,0.9998700000000001,0.999869
1651489647540048.0,0.99987,0.999869
1651489704547743.0,0.99987,0.999869
1651489771395391.0,0.99987,0.999869
1651489834022456.0,0.99987,0.9998689999999999
1651489899425111.2,0.9998700000000001,0.999869
1651489958240542.5,0.99987,0.999869
1651490013403683.0,0.99987,0.999869
1651490078224341.0,0.99987,0.999869
1651490135293494.8,0.9998700000000001,0.999869
1651490193621554.2,0.99987,0.999869
1651490255516019.0,0.99987,0.9998689999999999
1651490317678427.0,0.99987,0.999869
1651490367667860.0,0.99987,0.999869
1651490439353610.0,0.9998699999999999,0.999869
1651490517830892.5,0.99987,0.999869
1651490550965348.0,0.99987,0.999869
1651490627754763.5,0.99987,0.999869
1651490683474845.2,0.9998700000000001,0.999869
1651490733106373.8,0.99987,0.999869
1651490799152302.5,0.99987,0.999869
1651490855848324.2,0.99987,0.999869
1651490930676244.8,0.9998699999999999,0.999869
1651490997838838.0,0.99987,0.999869
1651491057924777.5,0.99987,0.999869
1651491104519668.0,0.99987,0.999869
1651491162106584.0,0.9998700000000001,0.999869
1651491215927913.2,0.9998700000000001,0.999869
1651491280072591.2,0.9998699999999999,0.999869
1651491333154074.5,0.99987,0.999869
1651491405579974.2,0.99987,0.999869
1651491456982669.0,0.99987,0.999869
1651491533991679.2,0.99987,0.999869
1651491578515080.8,0.99987,0.999869
1651491629487379.5,0.99987,0.999869
1651491700225390.8,0.99987,0.999869
1651491767172196.0,0.9998700000000001,0.999869
1651491811183292.2,0.99987,0.999869
1651491872678967.0,0.99987,0.999869
1651491952398878.8,0.99987,0.9998689999999999
1651491997671140.0,0.99987,0.999869
1651492065916822.2,0.99987,0.999869
1651492109151185.0,0.99987,0.9998689999999999
1651492180812244.0,0.9998700000000001,0.9998689999999999
1651492230501360.8,0.99987,0.999869
1651492297587045.0,0.99987,0.999869
1651492343267827.8,0.9998688,0.9998603333333335
1651492426036143.8,0.999867,0.9998588333333333
1651492461908148.2,0.9998687727272727,0.9998632727272727
1651492527886385.2,0.9998689523809523,0.9998641904761905
1651492586109038.2,0.9998689999999999,0.9998580000000001
1651492645455790.5,0.9998684117647059,0.9998641176470587
1651492706433936.5,0.999868,0.9998632000000001
1651492763805306.5,0.999868,0.999867
1651492819966605.5,0.999868,0.999865
1651492877667046.2,0.9998679999999999,0.9998593333333334
1651492945348228.2,0.999868,0.99986
1651493011261820.2,0.9998674615384615,0.9998539230769231
1651493062121538.2,0.9998669999999998,0.999852
1651493120308321.8,0.999867,0.999852
1651493188576016.5,0.999867,0.999852
1651493238576425.2,0.9998682857142857,0.9998525714285714
1651493309806237.0,0.999868,0.999853
1651493364242148.0,0.999868,0.9998530000000001
1651493418120202.0,0.999869140625,0.99985353125
1651493486783461.8,0.9998661481481482,0.999852074074074
1651493543064569.2,0.999862,0.9998502222222222
1651493612807761.5,0.999862,0.999852
1651493673880624.0,0.9998619999999999,0.9998520000000001
1651493736202648.5,0.999862,0.999852
1651493777578510.5,0.999865125,0.999852125
1651493838879678.8,0.9998660000000001,0.9998576
1651493906331551.0,0.9998678666666667,0.999861
1651493982903013.2,0.9998679999999999,0.999861
1651494024192718.8,0.9998679999999999,0.9998611111111111
1651494109333522.0,0.999867125,0.999861
1651494172501843.0,0.999867,0.999861
1651494202853896.0,0.999868,0.999861
1651494277363938.0,0.9998679999999999,0.999861
1651494330703069.8,0.9998679999999999,0.999861
1651494379975086.8,0.9998679999999999,0.999861
1651494425076442.8,0.9998679999999999,0.999861
1651494491779032.5,0.999868,0.9998605714285714
1651494584102778.8,0.9998617142857142,0.999854
1651494626518660.8,0.999859,0.9998526
1651494686409766.8,0.9998590000000002,0.999853
1651494755814388.0,0.999859,0.999853
1651494808608452.2,0.999859,0.999854
1651494885457896.0,0.999859,0.999854
1651494926412863.8,0.9998588333333333,0.9998476666666666
1651495004508856.0,0.999858,0.999852
1651495032843286.0,0.9998676470588235,0.999853
1651495099330855.5,0.999868125,0.99985325
1651495150012739.2,0.9998679999999999,0.9998523333333332
1651495246937694.5,0.9998677692307693,0.9998285384615385
1651495290368128.8,0.9998675,0.9998520000000001
1651495361274828.8,0.9998695714285715,0.9998527619047619
1651495405168767.8,0.999869,0.999853
1651495477705281.0,0.9998691363636364,0.999853
1651495531230739.0,0.999869,0.999853
1651495617984843.8,0.99986875,0.999853
1651495643125909.8,0.999868,0.9998538
1651495700978832.0,0.999868,0.9998531428571429
1651495778102441.8,0.9998683333333334,0.9998536666666666
1651495826077735.2,0.9998683333333332,0.9998536666666666
1651495897813493.5,0.9998685,0.9998530000000001
1651495947651703.8,0.999868,0.9998538
1651496018777946.2,0.999868,0.99985375
1651496070540201.2,0.9998687894736842,0.999854
1651496126310453.5,0.9998686842105263,0.9998537894736842
1651496188673138.2,0.9998687142857143,0.999854
1651496264565681.8,0.9998692580645162,0.999854
1651496294116529.5,0.9998696507936508,0.9998538412698412
1651496385173234.0,0.999869,0.99985325
1651496423257875.0,0.999868,0.999853
1651496509811300.8,0.999868,0.999853
1651496559070353.2,0.9998687777777777,0.9998534444444444
1651496602708615.8,0.999869,0.999853
1651496656123360.8,0.999869,0.9998529583333333
1651496703545005.5,0.99986908,0.99985244
1651496776935048.5,0.999869,0.999853
1651496840269464.2,0.999869,0.9998532000000001
1651496914872132.8,0.9998627894736841,0.9998533157894736
1651496971344001.2,0.999861,0.999853
1651497035724053.5,0.999861,0.9998525454545454
1651497076687146.8,0.9998609375,0.99985325
1651497156028898.0,0.99986,0.999854
1651497204972574.2,0.9998608181818182,0.9998540000000001
1651497263858474.8,0.9998594615384615,0.999852923076923
1651497332521861.0,0.999859,0.999852
1651497391000957.2,0.9998592500000001,0.99985225
1651497462558373.2,0.9998592,0.9998522
1651497500293563.0,0.999859375,0.99985225
1651497557369536.5,0.999859,0.999853
1651497645013558.0,0.9998590000000002,0.9998520000000001
1651497698556770.2,0.9998590000000002,0.9998520000000001
1651497745222030.8,0.9998590000000002,0.9998520000000001
1651497824338727.8,0.9998601666666667,0.99985225
1651497868186016.8,0.9998610666666666,0.999853
1651497919622327.5,0.99986,0.999853
1651497990117542.5,0.99986,0.9998530000000001
1651498069690243.0,0.99986,0.999853
1651498113727692.5,0.9998592857142857,0.999853
1651498161534487.0,0.9998598125,0.9998534375
1651498238004499.5,0.999859,0.999854
1651498285300203.2,0.9998592727272727,0.9998540000000001
1651498351717166.2,0.999859,0.999854
