timestamp_x,ask_price,bid_price
1643673618943095.5,0.015013846153846154,0.014988461538461537
1643673696778458.2,0.014997083333333333,0.014971666666666668
1643673745090260.8,0.014989565217391304,0.014960869565217392
1643673793797700.0,0.015013499999999999,0.014988999999999999
1643673849662428.5,0.015037142857142857,0.015002857142857142
1643673931520727.2,0.015026363636363636,0.014998181818181817
1643673996693500.0,0.015011,0.014982
1643674046509588.2,0.015027647058823528,0.014993529411764706
1643674108637353.0,0.015040588235294116,0.015011176470588236
1643674163916307.8,0.015067692307692308,0.01504076923076923
1643674222375714.2,0.01508,0.015052857142857142
1643674292641077.0,0.015073076923076923,0.015046153846153846
1643674351601272.8,0.015064545454545454,0.015041818181818182
1643674397397333.2,0.015066666666666666,0.0150475
1643674475152181.8,0.015069090909090909,0.015043636363636363
1643674530210777.8,0.01507,0.015040000000000001
1643674588891066.8,0.015068666666666668,0.01504
1643674650364050.0,0.015040000000000001,0.015015
1643674722660733.2,0.015032666666666666,0.015005333333333334
1643674780929500.0,0.01503138888888889,0.01501638888888889
1643674818167153.8,0.015032051282051283,0.015014358974358974
1643674891913789.5,0.01503,0.015010526315789474
1643674937400555.5,0.015031111111111113,0.015003333333333334
1643675016743904.8,0.01506047619047619,0.015040000000000001
1643675066217054.0,0.015077027027027026,0.01505135135135135
1643675126805500.0,0.015061,0.015040999999999999
1643675193822166.8,0.015063333333333333,0.01504
1643675245682000.0,0.01507,0.01504
1643675307364800.0,0.01507,0.015040000000000001
1643675369375166.8,0.015078333333333332,0.01505
1643675418919200.0,0.015075,0.01505
1643675489297875.0,0.01508,0.0150525
1643675560611500.0,0.015051666666666666,0.015028333333333333
1643675632379238.0,0.015025238095238095,0.015000952380952382
1643675664952166.8,0.01504,0.01502
1643675739472077.0,0.015037692307692307,0.015019999999999999
1643675780948764.8,0.015026470588235294,0.015
1643675838565000.0,0.015025000000000002,0.015
1643675915221968.8,0.015025,0.015
1643675993948666.8,0.01502,0.014989999999999998
1643676028157411.8,0.01502,0.015001764705882352
1643676095352062.5,0.01502,0.015005625
1643676149943389.0,0.015013333333333335,0.014988333333333333
1643676220468269.2,0.015033076923076923,0.015011923076923077
1643676270284857.2,0.015050714285714284,0.01502642857142857
1643676327949166.8,0.01505,0.01502
1643676382966100.0,0.01505,0.015021999999999999
1643676452005631.5,0.015039473684210526,0.015013684210526316
1643676506447500.0,0.015057272727272726,0.015033181818181819
1643676574697304.2,0.01508,0.015053913043478261
1643676633239529.5,0.015099999999999999,0.01507294117647059
1643676688019939.5,0.015102424242424242,0.015073333333333333
1643676746758954.5,0.01511,0.01508
1643676811283960.0,0.015110000000000002,0.01508
1643676852764500.0,0.015085,0.0150575
1643676930555000.0,0.01506,0.01505
1643676971676000.0,0.015065,0.01505
1643677114850333.2,0.01507,0.01504
1643677180055642.8,0.015067857142857143,0.015043571428571429
1643677234569550.0,0.015093249999999999,0.01507125
1643677270716318.2,0.01512181818181818,0.01510318181818182
1643677359512346.2,0.015060576923076923,0.015032884615384616
1643677400503052.8,0.015072105263157895,0.015053157894736841
1643677475590800.0,0.01508,0.015059999999999999
1643677541827769.2,0.015066923076923077,0.015049230769230768
1643677588445184.2,0.015047105263157895,0.015023684210526314
1643677633493192.2,0.015070384615384616,0.015047692307692307
1643677721029625.0,0.01507375,0.01505
1643677772004562.5,0.01508125,0.01506375
1643677807297750.0,0.01509,0.0150625
1643677891219400.0,0.01508,0.015052
1643677949503333.2,0.015080000000000001,0.015056666666666668
1643678017805833.2,0.015078333333333332,0.01505
1643678077412538.5,0.015086923076923078,0.015058461538461538
1643678124058000.0,0.015089999999999998,0.01506
1643678199173777.8,0.015086666666666665,0.01505888888888889
1643678241456800.0,0.015084,0.015054000000000001
1643678311895214.2,0.015078571428571429,0.015055714285714285
1643678374004600.0,0.015089999999999998,0.01506
1643678413167000.0,0.015082499999999999,0.01506875
1643678490583800.0,0.015078,0.01506
1643678557693640.0,0.0150996,0.0150696
1643678610019941.2,0.015099999999999999,0.015070000000000002
1643678668017718.0,0.015099999999999999,0.01507
1643678721883880.0,0.0151,0.015076399999999998
1643678798214192.2,0.015084615384615384,0.015063461538461538
1643678849124040.0,0.0150208,0.0150028
1643678908128782.5,0.015015434782608696,0.014995652173913044
1643678975648281.2,0.0149975,0.014974062500000001
1643679024842500.0,0.014979500000000001,0.0149595
1643679073729600.0,0.014978,0.01495
1643679159927666.8,0.01498,0.01495
1643679201241937.5,0.0149775,0.014950625
1643679266474937.5,0.01497,0.014956249999999999
1643679322676500.0,0.014984166666666666,0.01496
1643679377555166.8,0.014986666666666667,0.014963333333333334
1643679446973500.0,0.01498,0.01495
1643679521696666.8,0.01498,0.01495
1643679567586500.0,0.01498,0.01495
1643679626241250.0,0.01498,0.01496125
1643679694100000.0,0.01498,0.01495
1643679755665333.2,0.0149875,0.014957499999999999
1643679819074800.0,0.014974000000000001,0.014951999999999998
1643679871148909.0,0.014977272727272728,0.014949999999999998
1643679925634842.0,0.01496421052631579,0.014949999999999998
1643679999407444.5,0.014938333333333335,0.014916388888888889
1643680038528700.0,0.014913,0.014887000000000001
1643680096351437.5,0.014919374999999999,0.01489625
1643680173450875.0,0.014906875,0.01487625
1643680225632250.0,0.0149,0.01487
1643680287922500.0,0.014901500000000002,0.0148715
1643680342263800.0,0.014910000000000001,0.01488
1643680413420100.0,0.014910000000000001,0.01488
1643680465524903.2,0.014943225806451613,0.014917741935483873
1643680523797692.2,0.01493,0.0149
1643680573446500.0,0.0149595,0.0149405
1643680632861250.0,0.014947499999999999,0.014923500000000001
1643680704788230.8,0.01495923076923077,0.01493
1643680770636875.0,0.01495375,0.01493375
1643680834099000.0,0.01496076923076923,0.01493
1643680893108818.2,0.01496,0.014933636363636364
1643680945773882.2,0.014969999999999999,0.014952352941176469
1643681006455333.2,0.015022500000000001,0.014996944444444445
1643681066803840.8,0.0150275,0.014999999999999998
1643681132393564.0,0.015019999999999999,0.014997692307692306
1643681191886500.0,0.015005277777777777,0.014980555555555556
1643681247608545.5,0.015001818181818182,0.014973636363636363
1643681306250448.2,0.015007931034482759,0.014978620689655171
1643681362887077.0,0.015011923076923079,0.014988846153846155
1643681426332833.2,0.01501,0.014989999999999998
1643681483350666.8,0.015010000000000003,0.01499
1643681550720800.0,0.015028399999999999,0.015008400000000002
1643681617877722.2,0.015029444444444444,0.015010555555555558
1643681672056916.8,0.01503,0.01501
1643681731337968.8,0.0150440625,0.0150284375
1643681793562413.8,0.015050000000000001,0.01503
1643681851359440.0,0.01506,0.015029999999999998
1643681906879120.0,0.01506,0.015029999999999998
1643681968833473.8,0.01506,0.01503
1643682017695000.0,0.015056875,0.01503
1643682107042500.0,0.01505,0.01503
1643682144850222.2,0.01505,0.01503
1643682202604285.8,0.01505,0.01503
1643682281014720.0,0.0150572,0.015044
1643682328844966.8,0.01507,0.015051
1643682392705816.2,0.015083673469387755,0.015068775510204082
1643682440265363.8,0.01508,0.01506
1643682505594500.0,0.015080000000000001,0.015051666666666666
1643682559105666.8,0.015080000000000001,0.01505
1643682634394666.8,0.015078333333333332,0.01505
1643682698752692.2,0.015077692307692308,0.015065384615384616
1643682745538538.5,0.01509,0.015072307692307692
1643682795587091.0,0.015089090909090908,0.015070909090909091
1643682877254077.0,0.015105384615384614,0.015088461538461538
1643682920952000.0,0.015105,0.015080000000000001
1643683003002142.8,0.015075714285714286,0.015054285714285714
1643683050140285.8,0.015082857142857143,0.015055714285714285
1643683105346230.8,0.015102307692307693,0.015078461538461539
1643683171146117.8,0.015118823529411763,0.01509529411764706
1643683232906526.2,0.015102631578947368,0.01508421052631579
1643683287990833.2,0.015059166666666667,0.015038333333333334
1643683354062368.5,0.01505,0.015033157894736842
1643683417121750.0,0.015060416666666666,0.015039166666666666
1643683463506500.0,0.01509,0.01506
1643683520580700.0,0.015089999999999998,0.01506
1643683578965500.0,0.0150875,0.015065
1643683664267850.0,0.015068000000000002,0.015045
1643683715589500.0,0.015014444444444445,0.01498638888888889
1643683776563730.8,0.014992692307692308,0.014971923076923077
1643683810783750.0,0.015044375,0.015014375
1643683878650921.0,0.015062894736842103,0.015039736842105262
1643683950615166.8,0.015019166666666667,0.014995833333333333
1643684019074454.5,0.01502,0.014992727272727274
1643684060007250.0,0.01502625,0.015
1643684130642833.2,0.015018333333333333,0.014993333333333332
1643684202746409.0,0.015044090909090908,0.015017727272727273
1643684254481950.0,0.015059999999999999,0.015032
1643684307659333.2,0.01505,0.015022
1643684369423125.0,0.01505,0.01503375
1643684424311857.2,0.01505,0.01502642857142857
1643684498557000.0,0.01505,0.01502
1643684557275700.0,0.015042,0.015016000000000002
1643684612029384.5,0.01503,0.015009999999999999
1643684673682772.8,0.015007727272727273,0.014990000000000002
1643684731301900.0,0.015028,0.015002999999999999
1643684784818500.0,0.015034285714285714,0.015014285714285714
1643684849378400.0,0.015040000000000001,0.01501
1643684926354416.8,0.015050833333333333,0.015029166666666668
1643684956236480.0,0.015116000000000001,0.015092399999999999
1643685017734389.0,0.015126666666666665,0.015098333333333333
1643685088902250.0,0.01513,0.0151
1643685141487227.2,0.015119090909090908,0.015093181818181818
1643685205497777.8,0.015128333333333334,0.015099999999999999
1643685274297444.5,0.015129999999999998,0.015099999999999999
1643685338033611.0,0.015117777777777777,0.015094444444444445
1643685379479906.2,0.015087812499999999,0.0150696875
1643685450100136.2,0.015092727272727273,0.015064090909090909
1643685517794400.0,0.015100666666666667,0.015083333333333334
1643685553335857.2,0.01511,0.015085714285714286
1643685634198900.0,0.015110000000000002,0.015084999999999998
1643685695857666.8,0.015109166666666667,0.015093333333333334
1643685741026555.5,0.015129999999999998,0.015099999999999999
1643685806874300.0,0.01513,0.015099000000000001
1643685878296040.0,0.015105600000000002,0.015082400000000001
1643685919732142.8,0.01511,0.01508
1643685997020700.0,0.015116,0.015090000000000001
1643686042316083.2,0.015121666666666667,0.015094166666666665
1643686096001500.0,0.01512,0.01509
1643686164795600.0,0.015102,0.015081
1643686224807307.8,0.0151,0.01508
1643686288179666.8,0.015096666666666666,0.015080833333333333
1643686353284052.8,0.01508736842105263,0.015075263157894737
1643686424033454.5,0.015085454545454546,0.015068181818181819
1643686465729500.0,0.015078571428571429,0.015057142857142856
1643686539224800.0,0.015042,0.015029999999999998
1643686592341357.2,0.015054642857142858,0.01503
1643686646643000.0,0.015079310344827585,0.015059655172413793
1643686701769266.8,0.01508,0.01506
1643686779432240.0,0.0150484,0.0150248
1643686818036833.2,0.01503,0.01501
1643686882693769.2,0.015033076923076923,0.015009230769230771
1643686947660000.0,0.01504,0.01502
1643687021559583.2,0.015053333333333333,0.015031666666666667
1643687072551545.5,0.015074545454545453,0.015051818181818182
1643687134266041.8,0.01508125,0.015056666666666668
1643687178916666.8,0.015080000000000001,0.015059999999999999
1643687257906000.0,0.015091481481481482,0.015063703703703702
1643687316339812.5,0.0151,0.01507875
1643687374456909.0,0.01509181818181818,0.015076363636363636
1643687432703812.5,0.0151,0.01508
1643687493058250.0,0.015095,0.015075
1643687553784285.8,0.01509857142857143,0.015072857142857141
1643687616283323.5,0.015087058823529412,0.01506294117647059
1643687665821666.8,0.015105555555555558,0.015082222222222223
1643687733098000.0,0.0151,0.015072499999999999
1643687799627434.8,0.01510695652173913,0.015079565217391306
1643687843783384.5,0.015128461538461537,0.01510846153846154
1643687904809437.5,0.015091249999999999,0.01507
1643687971994666.8,0.01509,0.015059999999999999
1643688026931777.8,0.015108888888888887,0.015085555555555555
1643688090485222.2,0.015129999999999998,0.01511
1643688134367428.5,0.01513,0.01511
1643688217431684.2,0.015138421052631579,0.015119473684210528
1643688269051947.2,0.01516578947368421,0.015147368421052632
1643688320573187.5,0.0151175,0.0150996875
1643688395929720.0,0.015166800000000001,0.0151432
1643688452014706.0,0.015190588235294119,0.015167647058823527
1643688521692562.5,0.015174375,0.015150625000000001
1643688564231000.0,0.015171428571428572,0.015148571428571428
1643688631078666.8,0.01518,0.015150000000000002
1643688688835454.5,0.01518,0.015149999999999999
1643688754303000.0,0.015183076923076922,0.015159230769230769
1643688799236000.0,0.01519,0.01517
1643688875963600.0,0.015187,0.015165000000000001
1643688932553961.5,0.015150384615384614,0.015126923076923076
1643688980722500.0,0.01513,0.015110000000000002
1643689042981200.0,0.015132999999999999,0.015110000000000002
1643689114140750.0,0.01513,0.01511
1643689147532500.0,0.01513,0.01511
1643689235264833.2,0.015113333333333333,0.015090555555555555
1643689284524625.0,0.015118125,0.015098750000000001
1643689335295400.0,0.015102,0.015081
1643689404928869.5,0.015130000000000001,0.015109565217391305
1643689462911846.2,0.015122307692307692,0.0151
1643689538156214.2,0.015117142857142857,0.015095714285714285
1643689586186842.0,0.015109473684210527,0.015089999999999998
1643689660453666.8,0.015103333333333335,0.015083333333333332
1643689700431650.0,0.015118000000000001,0.0150985
1643689770542000.0,0.01512,0.0151
1643689831266291.8,0.015090416666666667,0.015070416666666668
1643689883335421.0,0.015069999999999998,0.015049473684210524
1643689944592307.8,0.015076923076923078,0.015056153846153846
1643690006905941.2,0.015082941176470587,0.015056470588235296
1643690068029923.0,0.01508,0.01505
1643690135538521.8,0.015089130434782607,0.015064347826086956
1643690187078384.5,0.015129615384615384,0.015109038461538462
1643690244254757.5,0.015149393939393938,0.015123333333333334
1643690309961500.0,0.01514764705882353,0.015122941176470587
1643690367361923.0,0.015139999999999999,0.01511
1643690435223421.0,0.015127894736842106,0.015103684210526316
1643690492848230.8,0.015119999999999998,0.015097692307692308
1643690544284000.0,0.015107272727272726,0.015082727272727274
1643690613377500.0,0.015103888888888889,0.015082777777777778
1643690674606333.2,0.01511,0.01508
1643690726320666.8,0.01511,0.015089166666666666
1643690793424500.0,0.015097142857142856,0.015077142857142857
1643690837249636.2,0.01508,0.015061818181818181
1643690912249111.0,0.015080000000000001,0.015059999999999999
1643690973501142.8,0.015083571428571429,0.015061428571428571
1643691032467636.2,0.01509,0.015061818181818181
1643691073739000.0,0.01509,0.0150625
1643691160098071.5,0.01506857142857143,0.01505
1643691198965625.0,0.015070833333333334,0.015049583333333331
1643691262090000.0,0.0150828,0.015059200000000002
1643691342544363.8,0.01508,0.01506
1643691388928700.0,0.01508,0.01506
1643691442125333.2,0.015080000000000001,0.015059999999999999
1643691506931545.5,0.015083181818181818,0.015061818181818181
1643691563866500.0,0.01508111111111111,0.015062777777777777
1643691634822058.8,0.015076470588235292,0.015052352941176472
1643691677297200.0,0.015087,0.015066
1643691744031000.0,0.01508,0.01507
1643691825374000.0,0.01508,0.01507
1643691858325000.0,0.015080000000000001,0.01507
1643691927281681.8,0.015074090909090909,0.015049090909090908
1643691994766294.0,0.01506705882352941,0.01504705882352941
1643692034681000.0,0.015054444444444445,0.015031111111111113
1643692103933500.0,0.01505,0.01503
1643692165662285.8,0.01505,0.01503
1643692234346315.8,0.015045789473684212,0.015030526315789473
1643692298327840.0,0.015064,0.015042799999999999
1643692350081800.0,0.015073333333333333,0.015055999999999998
1643692406771136.2,0.015097727272727273,0.015083636363636362
1643692471666312.5,0.015099375,0.015076875
1643692517026142.8,0.01508,0.015061428571428571
1643692581342500.0,0.015080000000000001,0.015059999999999999
1643692655282307.8,0.015080769230769231,0.015063076923076922
1643692719631363.8,0.01509,0.015072727272727272
1643692767244555.5,0.015086666666666665,0.015076666666666667
1643692831205333.2,0.015088333333333334,0.015071666666666666
1643692870484187.5,0.015117499999999999,0.015096875000000001
1643692942220500.0,0.01512,0.015102500000000001
1643693013456631.5,0.015130526315789474,0.015112631578947369
1643693080574473.8,0.015150526315789474,0.015123684210526315
1643693130436800.0,0.015146999999999999,0.015118499999999998
1643693193319000.0,0.015130000000000001,0.015110769230769231
1643693241672250.0,0.01512125,0.01510375
1643693315385500.0,0.01512,0.0151
1643693365661285.8,0.01512,0.015101428571428571
1643693435372545.5,0.01516212121212121,0.015142727272727273
1643693486175750.0,0.01514,0.01511875
1643693541803800.0,0.015132000000000001,0.015112999999999998
1643693607221533.2,0.015134666666666666,0.015112666666666667
1643693664674785.8,0.015122142857142858,0.015102857142857144
1643693739073941.2,0.01512764705882353,0.01510764705882353
1643693784741333.2,0.01513,0.01511
1643693847444875.0,0.01513,0.01511
1643693908105833.2,0.01513,0.01511
1643693971342200.0,0.015146999999999999,0.015123000000000001
1643694040407666.8,0.01516,0.01513
1643694074555100.0,0.015156,0.015132999999999999
1643694140627000.0,0.01516,0.01513
1643694207044250.0,0.01516,0.01513
1643694278242153.8,0.015175769230769232,0.01515076923076923
1643694327671038.5,0.015176923076923077,0.01515
1643694391095357.2,0.015169642857142855,0.01515
1643694446574483.8,0.01516258064516129,0.015143548387096775
1643694519625163.0,0.015130612244897958,0.015109591836734694
1643694566951517.2,0.01517,0.015142758620689657
1643694629797517.2,0.015153103448275862,0.015125172413793105
1643694692020200.0,0.01512,0.015099999999999999
1643694756891166.8,0.01512,0.0151
1643694800138000.0,0.015116,0.015096000000000002
1643694872078571.5,0.015117142857142857,0.015090000000000001
1643694929713389.0,0.015161944444444445,0.015144444444444445
1643694969457714.2,0.015164285714285713,0.015145714285714287
1643695057514405.5,0.01517945945945946,0.015151351351351351
1643695107274772.0,0.015177543859649123,0.015145438596491229
1643695164611833.2,0.015160714285714286,0.015124285714285715
1643695228520916.8,0.01514,0.01511
1643695291497857.2,0.01513938775510204,0.015110408163265306
1643695355061466.8,0.015125666666666667,0.015107333333333334
1643695405646268.0,0.015128392857142858,0.015104999999999999
1643695464628158.0,0.015095789473684212,0.01507263157894737
1643695531294000.0,0.01509,0.015063333333333333
1643695593840750.0,0.01509,0.01506
1643695659793428.5,0.015090000000000001,0.015063571428571428
1643695713584210.5,0.015089999999999998,0.015066315789473685
1643695770647840.0,0.015075799999999999,0.0150516
1643695830692452.5,0.01507047619047619,0.015048095238095235
1643695884128756.0,0.015069756097560975,0.015050243902439022
1643695956016846.2,0.015080769230769231,0.015059999999999999
1643695988879077.0,0.015056923076923077,0.015033076923076923
1643696081024500.0,0.01505,0.01503
1643696138859200.0,0.01505,0.015025333333333333
1643696196475809.5,0.01506047619047619,0.015038095238095236
1643696248615681.8,0.01506,0.01504
1643696308814900.0,0.01506,0.015040000000000001
1643696379920500.0,0.015056,0.015037
1643696418847571.5,0.015048571428571427,0.01503
1643696488926333.2,0.01505,0.01503
1643696547661956.5,0.01513782608695652,0.015117608695652174
1643696607737348.8,0.015155581395348837,0.015132790697674418
1643696670099714.2,0.015154285714285716,0.015137142857142858
1643696718432736.8,0.015171578947368421,0.015153157894736842
1643696773331666.8,0.015169999999999998,0.01514
1643696838123208.2,0.015138333333333332,0.015112500000000001
1643696917809857.2,0.01514,0.01511
1643696982309769.2,0.015126923076923076,0.015105384615384614
1643697032910250.0,0.015122499999999999,0.015099583333333333
1643697081742555.5,0.015127777777777776,0.01510861111111111
1643697147175047.5,0.015169047619047618,0.015144285714285713
1643697201058500.0,0.0151525,0.0151325
1643697250708000.0,0.01515,0.01513
1643697321522928.5,0.015161428571428572,0.015131428571428572
1643697387540000.0,0.01514625,0.015131249999999999
1643697441017280.0,0.0151156,0.015092399999999999
1643697501883058.8,0.015111176470588236,0.01509
1643697559573250.0,0.015110833333333332,0.01509
1643697645158750.0,0.015102500000000001,0.015085
1643697700674125.0,0.01510875,0.01509
1643697764318250.0,0.01511,0.01509
1643697808251000.0,0.015110000000000002,0.015089999999999998
1643697859425916.8,0.015135000000000001,0.015115833333333334
1643697942933444.5,0.01516,0.015134444444444443
1643697999590562.5,0.0151675,0.015148125
1643698048202695.8,0.015140869565217391,0.015116086956521738
1643698121852400.0,0.015176,0.015156
1643698176342952.5,0.01516952380952381,0.015149047619047621
1643698223104500.0,0.0151375,0.015112500000000001
1643698291390125.0,0.0151425,0.01511625
1643698349198142.8,0.015141428571428571,0.015112857142857141
1643698407126200.0,0.015124,0.015102666666666665
1643698464954750.0,0.01511875,0.015098125
1643698532749285.8,0.01512,0.015091428571428572
1643698605302000.0,0.01512,0.0150925
1643698659729222.2,0.015120000000000001,0.015099999999999999
1643698710355579.0,0.015125789473684209,0.01510578947368421
1643698773284972.2,0.015081666666666667,0.015060277777777777
1643698832342392.2,0.015068039215686274,0.015045490196078431
1643698887195722.2,0.015109166666666667,0.015088055555555556
1643698946862909.0,0.0151,0.01508
1643699007836611.0,0.015091666666666666,0.015067777777777779
1643699066959421.0,0.01508,0.01506
1643699133042697.0,0.015093939393939394,0.015076363636363638
1643699186759866.8,0.01513,0.015101333333333333
1643699248772809.5,0.015124285714285715,0.015098095238095239
1643699313076619.0,0.015114285714285716,0.015090000000000001
1643699369536500.0,0.015107857142857143,0.015094285714285715
1643699430354181.8,0.01511,0.015090909090909089
1643699488999120.0,0.0151196,0.01509
1643699548825238.0,0.015130000000000001,0.015105714285714287
1643699608797762.0,0.015130000000000001,0.015109999999999998
1643699667190304.2,0.01513,0.01511
1643699720185466.8,0.015125999999999999,0.0151
1643699799372833.2,0.015135000000000001,0.01511388888888889
1643699853355111.0,0.01515,0.01513111111111111
1643699906926444.5,0.01515,0.015129999999999998
1643699973019250.0,0.01515,0.01513
1643700027915000.0,0.01515,0.015130000000000001
1643700086578142.8,0.01515,0.015130714285714286
1643700145239833.2,0.015146666666666668,0.015124166666666666
1643700220065869.5,0.015155217391304347,0.015132608695652175
1643700264221545.5,0.01516,0.015140000000000002
1643700326538916.8,0.01516,0.01514
1643700381867666.8,0.01516,0.01514
1643700451217812.5,0.01516,0.01513625
1643700510111277.8,0.015156111111111112,0.015128333333333334
1643700565635200.0,0.01514,0.015127999999999999
1643700634570733.2,0.015132666666666666,0.015113999999999999
1643700687187900.0,0.01513,0.0151065
1643700755936375.0,0.015139375,0.0151225
1643700803466571.5,0.015159999999999998,0.015140714285714287
1643700867964727.2,0.01515909090909091,0.015135
1643700933984727.2,0.015128181818181818,0.01510818181818182
1643700987172100.0,0.015123999999999999,0.015099999999999999
1643701048199555.5,0.015145555555555558,0.015116666666666667
1643701112314100.0,0.01514,0.01512
1643701169849538.5,0.015139999999999999,0.015120769230769231
1643701245223772.8,0.015140000000000002,0.015118636363636364
1643701284413842.0,0.015123684210526315,0.015105263157894738
1643701356666000.0,0.015115357142857142,0.015098214285714286
1643701409213444.5,0.01512,0.015100370370370372
1643701465242684.2,0.01512,0.015101052631578947
1643701532138263.2,0.01512,0.015093157894736841
1643701589583550.0,0.01512,0.015089999999999998
1643701657574500.0,0.015123846153846154,0.015100384615384616
1643701710030214.2,0.015138214285714286,0.015123214285714285
1643701776356000.0,0.01514,0.01512
1643701826531555.5,0.015139999999999999,0.015120000000000001
1643701898721000.0,0.0151412,0.015124
1643701949782687.5,0.01515,0.015121875
1643702018022125.0,0.015138333333333332,0.015110416666666668
1643702075054789.5,0.015121052631578947,0.015099999999999999
1643702130482437.5,0.015126875,0.0151
1643702189996523.8,0.015121904761904762,0.015099999999999999
1643702247776263.2,0.01512,0.015099999999999999
1643702305372714.2,0.01512,0.015101428571428571
1643702373591000.0,0.01512,0.015099999999999999
1643702432257000.0,0.01512,0.015100869565217391
1643702492464235.2,0.015120882352941175,0.015104705882352942
1643702543875844.2,0.015149555555555555,0.015130888888888888
1643702609524187.5,0.01514,0.01512
1643702680330861.0,0.015154166666666666,0.015134166666666667
1643702729025294.0,0.015171176470588233,0.015148235294117648
1643702795814625.0,0.015164166666666666,0.015144166666666667
1643702857820800.0,0.015169333333333333,0.015146
1643702905685615.5,0.015174615384615385,0.01515
1643702969409500.0,0.01518,0.01515
1643703014807750.0,0.01518,0.01515
1643703073211166.8,0.015175000000000001,0.015150000000000002
1643703149642000.0,0.015179166666666667,0.015156666666666666
1643703201654600.0,0.015187,0.015174000000000002
1643703272995000.0,0.01519,0.015180000000000003
1643703333720571.5,0.015198571428571428,0.01518
1643703391965312.5,0.015191875,0.01517
1643703468389000.0,0.01517,0.015147857142857143
1643703503211133.2,0.015172,0.015151333333333333
1643703578666333.2,0.01518,0.01516
1643703624230583.2,0.01518,0.01516
1643703690650111.0,0.015180000000000003,0.01516
1643703748432461.5,0.01517923076923077,0.01516
1643703806417466.8,0.015181333333333333,0.015160666666666666
1643703873735142.8,0.01518,0.015159999999999998
1643703931602600.0,0.015180000000000003,0.015160000000000002
1643704000193889.0,0.015180000000000003,0.01516
1643704062225500.0,0.01518,0.01516
1643704116218904.8,0.015184761904761904,0.015159999999999998
1643704178089181.8,0.015190000000000002,0.01516
1643704236988428.5,0.015206071428571428,0.015182857142857142
1643704290293285.8,0.015234285714285714,0.015215714285714286
1643704354595454.5,0.01522090909090909,0.015201818181818183
1643704400992764.8,0.015226470588235296,0.015207647058823529
1643704463773214.2,0.01522,0.0152
1643704528122307.8,0.015216923076923076,0.0152
1643704592468600.0,0.0152255,0.0152
1643704645597476.2,0.015218095238095237,0.015197619047619047
1643704701178000.0,0.015207499999999999,0.01519
1643704767625909.0,0.01520909090909091,0.015190000000000002
1643704834298785.8,0.0152125,0.015191785714285715
1643704898797619.0,0.015216666666666667,0.015196666666666667
1643704950361263.2,0.015208947368421053,0.015184736842105263
1643705009817947.2,0.01520684210526316,0.015190000000000002
1643705067993250.0,0.015208125,0.01519
1643705127252058.8,0.015209999999999998,0.015191176470588234
1643705190870722.2,0.015209999999999998,0.01519
1643705238061000.0,0.01521,0.01519
1643705312467250.0,0.01521,0.015193125
1643705366958400.0,0.01521,0.015197333333333334
1643705424573500.0,0.015209999999999998,0.0152
1643705482260077.0,0.0152,0.01518076923076923
1643705539490800.0,0.0152,0.01519
1643705602922315.8,0.015228947368421052,0.015208947368421053
1643705673330260.8,0.015240434782608695,0.015223478260869566
1643705734058416.8,0.01525,0.015228333333333335
1643705788723647.0,0.01525,0.015230588235294117
1643705849409571.5,0.015249285714285713,0.015230000000000002
1643705914509677.5,0.015273870967741934,0.015256129032258066
1643705971912000.0,0.015280000000000002,0.015262631578947366
1643706028349717.5,0.015244782608695651,0.015224130434782608
1643706100882447.2,0.01528342105263158,0.015261315789473684
1643706150741666.8,0.015302592592592592,0.015283333333333335
1643706204339161.2,0.015292258064516128,0.01526774193548387
1643706266580638.2,0.015348617021276595,0.015325106382978725
1643706326800170.2,0.015386382978723405,0.01535691489361702
1643706386483851.0,0.015368936170212765,0.015340425531914894
1643706453007947.2,0.015328070175438597,0.015301754385964912
1643706499879943.2,0.015310113636363637,0.01528659090909091
1643706564771896.0,0.015295416666666667,0.015266458333333332
1643706622113592.5,0.015309259259259259,0.015284074074074073
1643706692347533.2,0.015304666666666666,0.015279333333333334
1643706749710022.5,0.015302222222222222,0.015274
1643706806521200.0,0.015251777777777777,0.015226444444444443
1643706867242843.8,0.015241875,0.015215
1643706927563535.8,0.015237857142857142,0.015209642857142856
1643706988832416.8,0.015246666666666667,0.015220416666666667
1643707053113857.2,0.01524,0.015217142857142858
1643707107066636.2,0.015216727272727272,0.015193272727272727
1643707178718250.0,0.01522,0.015191666666666668
1643707223115347.8,0.015223913043478261,0.015196086956521738
1643707300132400.0,0.0152145,0.015193000000000002
1643707347323476.2,0.01520309523809524,0.015178809523809525
1643707409116171.5,0.015236,0.015215714285714286
1643707473424714.5,0.015225064935064937,0.015202597402597403
1643707531758954.5,0.015252272727272727,0.015232954545454546
1643707591960622.2,0.015195444444444445,0.015172111111111112
1643707650441939.0,0.01521591836734694,0.015193469387755103
1643707711100918.8,0.015150232558139536,0.015127325581395349
1643707767481850.0,0.015222375,0.015199
1643707826012436.2,0.015226363636363637,0.015204545454545455
1643707885819421.0,0.015223684210526316,0.015202105263157894
1643707949989000.0,0.015243999999999999,0.015223500000000001
1643708012722485.8,0.01522342857142857,0.015206285714285716
1643708077445823.5,0.015239999999999998,0.015219411764705884
1643708116387857.0,0.015196530612244899,0.015170816326530612
1643708196011000.0,0.015216363636363637,0.015191363636363637
1643708246257222.2,0.015238148148148148,0.01522
1643708297757000.0,0.01523,0.015210666666666667
1643708368580625.0,0.01524125,0.015217083333333332
1643708424439666.8,0.015237777777777779,0.015211111111111111
1643708485529396.8,0.015209841269841269,0.015186190476190476
1643708540788909.0,0.015194545454545455,0.015171818181818182
1643708618914058.8,0.015157058823529412,0.015131764705882355
1643708671327742.8,0.015138,0.015111714285714286
1643708726087148.2,0.015127037037037038,0.015096296296296297
1643708792649500.0,0.01511,0.01508
1643708864019000.0,0.01511,0.01508421052631579
1643708920604093.8,0.015149375,0.0151234375
1643708956461041.8,0.015181666666666668,0.015161250000000001
1643709034689636.2,0.015173636363636363,0.015146363636363637
1643709090012400.0,0.0151445,0.015122
1643709144917794.8,0.015208205128205128,0.015187692307692307
1643709201975897.5,0.015207692307692307,0.01517923076923077
1643709277961500.0,0.01519,0.0151675
1643709308922928.5,0.015174285714285713,0.015149285714285714
1643709394837142.8,0.01517,0.01515
1643709446468941.2,0.015134705882352942,0.015110588235294117
1643709519810000.0,0.015130625,0.015110625
1643709560047361.8,0.015169787234042555,0.015145531914893618
1643709630284500.0,0.015142916666666667,0.015114999999999998
1643709689028411.8,0.015134117647058824,0.015110588235294117
1643709753311133.2,0.015132666666666666,0.015106666666666666
1643709805436200.0,0.01513,0.015099999999999999
1643709871967777.8,0.015122222222222223,0.015099999999999999
1643709937617838.8,0.015138709677419355,0.01511741935483871
1643709992386158.0,0.015163684210526315,0.01514263157894737
1643710046123307.8,0.015184230769230768,0.01516269230769231
1643710110639947.2,0.015163684210526315,0.01514263157894737
1643710172294625.0,0.01518,0.01515
1643710236327000.0,0.015165294117647058,0.015141176470588236
1643710279240454.5,0.015153181818181817,0.01513
1643710348853000.0,0.015160000000000002,0.01513
1643710407602100.0,0.015160000000000002,0.015135000000000001
1643710459009350.0,0.015114250000000001,0.015093249999999999
1643710528504769.2,0.015081025641025642,0.015058333333333333
1643710588703404.2,0.014976382978723404,0.014952340425531913
1643710642488824.8,0.014975263157894736,0.01494982456140351
1643710711192666.8,0.01499,0.014963333333333335
1643710768494227.2,0.014994545454545455,0.014972727272727275
1643710828322217.5,0.015029130434782607,0.015006956521739131
1643710888794142.8,0.015020952380952381,0.014992857142857145
1643710944252129.0,0.014999677419354839,0.014973548387096776
1643711016150818.2,0.015047272727272727,0.015018863636363637
1643711067501656.2,0.0150584375,0.015032499999999999
1643711124234750.0,0.015082499999999999,0.015053125
1643711194035600.0,0.0151085,0.015082499999999999
1643711248514113.5,0.015139999999999999,0.015117727272727272
1643711312947545.5,0.015155454545454545,0.01513
1643711370536300.0,0.015157,0.01513
1643711445366023.5,0.01515,0.015126244131455397
1643711466320670.8,0.015150121951219512,0.015129999999999998
1643711552811117.8,0.015148235294117648,0.01513
1643711598448181.8,0.015157272727272726,0.01513
1643711672800187.5,0.01515,0.01513
1643711721031629.8,0.01515,0.015135185185185186
1643711787570762.0,0.015154285714285716,0.01513095238095238
1643711852545156.2,0.0151765625,0.01515875
1643711904015437.5,0.01520875,0.015189375
1643711957499210.5,0.015214736842105264,0.01519315789473684
1643712037990371.5,0.01521142857142857,0.015190285714285715
1643712083175529.5,0.015273529411764707,0.015254901960784314
1643712153529315.0,0.015228518518518518,0.015206296296296296
1643712194938353.0,0.015234705882352942,0.01521529411764706
1643712274336285.8,0.015227142857142857,0.015205714285714284
1643712339401000.0,0.015226666666666666,0.015205555555555555
1643712374156428.5,0.01521,0.01518
1643712454184375.0,0.01521,0.01518
1643712516609454.5,0.01521,0.01518
1643712580542967.8,0.015185161290322581,0.015164516129032258
1643712627835875.0,0.015195416666666668,0.015175416666666669
1643712693253900.0,0.0152,0.015180000000000003
1643712752705805.5,0.01517888888888889,0.015154999999999998
1643712809293456.8,0.015196086956521738,0.015175
1643712860404750.0,0.015217499999999998,0.0151975
1643712923880928.5,0.015244285714285714,0.015222857142857144
1643712980321521.8,0.015248260869565216,0.015223913043478261
1643713047238950.0,0.015254499999999999,0.015232
1643713098819052.8,0.015252105263157895,0.015227368421052634
1643713171917577.0,0.015198076923076924,0.015179615384615385
1643713226355454.5,0.015155151515151516,0.015135151515151516
1643713278972117.8,0.015141176470588236,0.015110588235294117
1643713354189000.0,0.015145,0.01512
1643713389126214.2,0.015174285714285715,0.015148571428571428
1643713469205000.0,0.01516,0.015134166666666666
1643713541403444.5,0.015163333333333334,0.015141111111111112
1643713592088425.0,0.0151775,0.01515675
1643713648907706.0,0.015168823529411764,0.01514
1643713705226125.0,0.0151725,0.015145
1643713779896000.0,0.015197222222222223,0.015175555555555557
1643713814930166.8,0.0152,0.01518
1643713892026416.8,0.0152,0.015178333333333334
1643713945747916.8,0.015202916666666665,0.015182083333333334
1643714014529473.8,0.015203157894736842,0.01518263157894737
1643714073823111.0,0.015209999999999998,0.015186666666666666
1643714146292889.0,0.015209999999999998,0.015185555555555556
1643714187892117.8,0.015215882352941176,0.01519294117647059
1643714248375464.2,0.015243928571428571,0.015220714285714285
1643714315469666.8,0.01525,0.015226666666666666
1643714362504583.2,0.015226666666666666,0.015205416666666666
1643714427935684.2,0.015223157894736841,0.0152
1643714494077833.2,0.015236666666666667,0.01522111111111111
1643714550598166.8,0.015266666666666666,0.01525
1643714611471071.5,0.01528,0.01525
1643714660132166.8,0.015259583333333333,0.01523875
1643714738417857.2,0.015255714285714286,0.015230000000000002
1643714803401500.0,0.01525,0.015228333333333335
1643714854040863.8,0.015232272727272728,0.015213636363636363
1643714899941700.0,0.015217,0.015204
1643714970030700.0,0.0152465,0.015223
1643715032292181.8,0.015250000000000001,0.01523
1643715090416200.0,0.01525,0.015227
1643715144448363.8,0.01523,0.01521
1643715202782000.0,0.01523,0.01521
1643715261161000.0,0.01523,0.01521
1643715323375818.2,0.015236363636363636,0.015217272727272725
1643715385788000.0,0.015249374999999999,0.015226874999999999
1643715448728714.2,0.01525,0.015230000000000002
1643715507887437.5,0.015249374999999999,0.015230625000000001
1643715580825625.0,0.01524,0.01521875
1643715633110706.0,0.015239411764705883,0.015215882352941176
1643715670098214.2,0.01522142857142857,0.015202142857142857
1643715736303000.0,0.01522,0.0152
1643715810901782.5,0.01519304347826087,0.015171739130434781
1643715886126500.0,0.01519,0.01516
1643715930143000.0,0.015209999999999998,0.015189
1643715986086800.0,0.015215000000000001,0.015195
1643716043781000.0,0.01522,0.015205
1643716127527000.0,0.015242857142857143,0.01522
1643716156288437.5,0.01524625,0.0152275
1643716236500333.2,0.01524,0.015214444444444444
1643716301734727.2,0.015234545454545455,0.015208181818181817
1643716339038200.0,0.015212,0.015192
1643716401823916.8,0.0152175,0.015196666666666666
1643716483781000.0,0.01522,0.01519
1643716535276000.0,0.01519848484848485,0.01517969696969697
1643716583432058.8,0.015221176470588235,0.015203235294117646
1643716643048727.2,0.015240000000000002,0.01522
1643716713261121.2,0.015258181818181817,0.01523848484848485
1643716762801730.8,0.015246923076923076,0.015223461538461538
1643716821441333.2,0.015239999999999998,0.01522
1643716888575571.5,0.01524,0.01522
1643716951431750.0,0.01524,0.01521875
1643716998786565.2,0.015248695652173912,0.015225217391304348
1643717061518606.0,0.015224242424242423,0.015206666666666669
1643717127496108.5,0.015219565217391304,0.015193478260869564
1643717178388242.5,0.01526878787878788,0.015248181818181819
1643717259873461.5,0.015255,0.015233461538461538
1643717307961000.0,0.015249166666666666,0.015225
1643717377565600.0,0.015247333333333333,0.015231333333333335
1643717420242363.8,0.015251818181818182,0.01523
1643717479984846.2,0.015253846153846154,0.015234615384615385
1643717554335909.0,0.015250000000000001,0.015232272727272728
1643717617788000.0,0.015243125,0.0152275
1643717664899000.0,0.015247142857142857,0.01522
1643717736891750.0,0.015248999999999999,0.015220999999999998
1643717802813208.2,0.015244166666666668,0.015228333333333335
1643717853833875.0,0.01523125,0.015215625
1643717905602521.8,0.015220434782608695,0.015200000000000002
1643717978722666.8,0.01522,0.0152
1643718020293909.0,0.01522,0.015199999999999998
1643718086354958.2,0.015219166666666666,0.0152
1643718140612609.8,0.01524121951219512,0.015214634146341464
1643718210244307.8,0.015249999999999998,0.01522
1643718269243200.0,0.015248000000000001,0.01522
1643718322766000.0,0.015246,0.015220000000000001
1643718387611033.2,0.015268333333333333,0.015248666666666666
1643718447953500.0,0.015258333333333334,0.01524
1643718513112428.5,0.015258571428571427,0.01524
1643718577044480.0,0.015254799999999999,0.015236000000000001
1643718618389846.2,0.015255384615384615,0.015236923076923077
1643718689896967.8,0.015265483870967742,0.01524
1643718748750937.5,0.015248125,0.01523
1643718797688166.8,0.015260000000000001,0.01523
1643718868542434.8,0.015287391304347826,0.015255652173913042
1643718926956533.2,0.015286,0.01526
1643718998241750.0,0.0153065,0.015279999999999998
1643719046214666.8,0.015321666666666666,0.015300833333333333
1643719113734583.2,0.015309999999999999,0.015290833333333332
1643719173790342.8,0.015325142857142857,0.01530342857142857
1643719232920900.0,0.015316,0.0152925
1643719284103750.0,0.01527875,0.0152625
1643719345422583.2,0.015274166666666667,0.01525
1643719411547000.0,0.01527,0.015254166666666666
1643719471863636.2,0.01527,0.015250000000000001
1643719523585904.8,0.015276190476190478,0.015251428571428572
1643719583728625.0,0.015292083333333333,0.015272500000000001
1643719644388428.5,0.01528904761904762,0.015273333333333335
1643719704654285.8,0.015263809523809523,0.015244285714285715
1643719770860185.2,0.015249629629629629,0.015232592592592594
1643719826002250.0,0.0152685,0.015246
1643719888312571.5,0.01527,0.01525
1643719950557357.2,0.01527,0.01525
1643720009277111.0,0.015269999999999999,0.015249999999999998
1643720071414437.5,0.01527,0.015250625
1643720132499928.5,0.01527,0.01525
1643720181063210.5,0.015266315789473683,0.01525
1643720257567222.2,0.015268888888888891,0.015254444444444444
1643720308468600.0,0.015302,0.015291999999999998
1643720381326818.2,0.015321818181818181,0.015309545454545454
1643720435747183.0,0.015355352112676057,0.01533788732394366
1643720489398133.2,0.01536,0.015342
1643720554290346.2,0.015339615384615386,0.015319230769230769
1643720600520947.2,0.015327894736842105,0.015315263157894738
1643720676684464.2,0.015301071428571428,0.01528892857142857
1643720725714269.2,0.015304230769230768,0.01529076923076923
1643720788428928.5,0.015294285714285715,0.015280714285714286
1643720849001187.5,0.015291875,0.015273125
1643720913882640.5,0.01532515625,0.015310625
1643720974235111.0,0.015302962962962963,0.015283333333333335
1643721033939091.0,0.015299090909090908,0.015285454545454547
1643721086428043.5,0.015308260869565217,0.01529
1643721153962150.0,0.015305,0.015290000000000002
1643721215927480.0,0.0152928,0.015278
1643721267262842.0,0.015298947368421053,0.015283508771929825
1643721334245777.0,0.015414538461538462,0.015395923076923076
1643721387531535.8,0.015433125,0.015414285714285714
1643721440730000.0,0.01545923076923077,0.015439846153846153
1643721513752494.2,0.015491839080459771,0.015468045977011494
1643721564074578.8,0.015555263157894735,0.015536315789473685
1643721622152217.8,0.015684807692307692,0.015662115384615382
1643721686948000.0,0.015609759036144578,0.01559698795180723
1643721749269028.5,0.015618000000000002,0.015604857142857144
1643721808766774.2,0.015626451612903228,0.01560951612903226
1643721872946711.5,0.01546061855670103,0.015441340206185568
1643721938438757.0,0.015564953271028038,0.015542336448598131
1643721982387158.0,0.015595684210526315,0.015574105263157896
1643722047179892.2,0.015516461538461538,0.015496615384615385
1643722118129489.2,0.015524255319148935,0.015507234042553192
1643722163119729.2,0.015585058823529412,0.015564470588235294
1643722232534514.8,0.015536764705882352,0.01551558823529412
1643722291321295.8,0.015500845070422535,0.015478873239436619
1643722352066235.2,0.015471058823529412,0.015448235294117646
1643722405727087.8,0.015491578947368422,0.015471228070175438
1643722465107659.0,0.015464772727272728,0.015441590909090908
1643722526558959.0,0.01539972602739726,0.015376712328767124
1643722593462333.2,0.015487166666666666,0.0154685
1643722646514443.0,0.015556571428571428,0.015534571428571429
1643722713618500.0,0.015548333333333332,0.01552125
1643722780195683.2,0.0154935,0.015469166666666668
1643722823031525.0,0.015619875,0.01559325
1643722894683630.5,0.015586739130434783,0.015551739130434783
1643722954827907.0,0.015586511627906977,0.015552093023255813
1643723009042000.0,0.015569459459459459,0.015542972972972973
1643723064742553.2,0.015492340425531916,0.015471063829787234
1643723129019368.5,0.015486842105263158,0.01546657894736842
1643723202468648.2,0.015525,0.015503240740740741
1643723244084426.8,0.015583199999999998,0.0155592
1643723308631695.8,0.015619565217391305,0.015593333333333336
1643723382012144.5,0.015706626506024095,0.01567566265060241
1643723428890574.2,0.015688703703703705,0.015667962962962963
1643723491604746.2,0.015703809523809523,0.01568063492063492
1643723549826457.5,0.015692542372881355,0.015667118644067796
1643723623632411.8,0.015673823529411764,0.015643529411764705
1643723673203822.2,0.01563688888888889,0.01561088888888889
1643723725287431.0,0.015624461538461538,0.01560353846153846
1643723794324272.8,0.015626818181818183,0.015602272727272727
1643723846577424.2,0.015597272727272727,0.015571212121212123
1643723912423333.2,0.015505,0.015478125
1643723956339566.8,0.015506333333333334,0.015481666666666666
1643724038085573.8,0.015494590163934426,0.015470819672131148
1643724089460511.8,0.015533720930232559,0.015505581395348838
1643724154578920.0,0.0156088,0.015586800000000001
1643724215823102.5,0.015591538461538462,0.015573333333333333
1643724267457966.8,0.015569499999999998,0.0155485
1643724315072000.0,0.015548666666666665,0.015532666666666667
1643724373246756.8,0.015516216216216218,0.015502702702702703
1643724460528221.5,0.01570436241610738,0.015687315436241613
1643724506770913.5,0.015812222222222224,0.01578283950617284
1643724578602884.5,0.015800384615384615,0.01577307692307692
1643724625416523.8,0.01575904761904762,0.01573404761904762
1643724689614277.8,0.0157225,0.01569444444444444
1643724755735625.0,0.015718125,0.01569125
1643724805052875.0,0.015704375,0.01568
1643724869107200.0,0.015718,0.0156916
1643724931377363.8,0.01573,0.0157
1643724989377666.8,0.015681363636363636,0.015657121212121212
1643725045961863.8,0.01568681818181818,0.01566590909090909
1643725103481837.8,0.01565,0.01563108108108108
1643725172180259.2,0.015631481481481482,0.015610370370370372
1643725234248875.0,0.015687187499999998,0.015664375
1643725288262926.0,0.01566851851851852,0.015644814814814816
1643725351615518.5,0.015657407407407408,0.015635555555555555
1643725405614961.5,0.01567,0.01565
1643725465539425.0,0.01568025,0.015657499999999998
1643725526022775.5,0.015689387755102042,0.015671428571428572
1643725581123421.0,0.015699473684210527,0.015681052631578946
1643725657375714.2,0.015674285714285714,0.015652142857142858
1643725710778580.8,0.01570258064516129,0.01567741935483871
1643725768485541.8,0.015685,0.01566291666666667
1643725832210323.2,0.01565015384615385,0.015628
1643725882828345.5,0.01559309090909091,0.015571454545454546
1643725943775860.5,0.015585581395348836,0.015560930232558138
1643726008126333.2,0.015635757575757577,0.01560878787878788
1643726077392500.0,0.015692638888888888,0.015664305555555556
1643726126100591.0,0.015707727272727273,0.015680227272727273
1643726188120333.2,0.01572063492063492,0.01569365079365079
1643726254725213.5,0.015677752808988765,0.015661573033707864
1643726302466986.8,0.0157052,0.015677733333333332
1643726363448203.5,0.015629830508474576,0.015603050847457627
1643726426583094.2,0.01564792452830189,0.015622264150943397
1643726488182478.2,0.01564739130434783,0.015622826086956521
1643726546593344.2,0.01558262295081967,0.015561147540983606
1643726609855200.0,0.015548285714285712,0.015526857142857144
1643726658653762.0,0.01558142857142857,0.015553015873015873
1643726731993760.8,0.015568913043478261,0.015541739130434783
1643726788317250.0,0.015573035714285715,0.015546964285714285
1643726848808722.2,0.015446111111111112,0.015420555555555555
1643726901775628.5,0.015388428571428572,0.015362285714285715
1643726967058490.5,0.015466603773584905,0.01544433962264151
1643727022691191.8,0.015621027397260276,0.01559417808219178
1643727082474836.2,0.015522363636363636,0.015497454545454545
1643727146246935.5,0.015501935483870967,0.015476451612903225
1643727220635475.0,0.0154865,0.0154635
1643727271603243.2,0.015465135135135135,0.01543837837837838
1643727329953703.8,0.015447962962962962,0.015426111111111111
1643727385951112.8,0.015436129032258064,0.015420645161290323
1643727445426208.2,0.015454583333333334,0.015430833333333333
1643727506539384.5,0.015481153846153846,0.015452307692307692
1643727562312711.0,0.015530444444444444,0.015502888888888889
1643727622972098.2,0.015440491803278689,0.015415409836065572
1643727687896603.8,0.015430566037735849,0.015403773584905661
1643727749660159.2,0.015383863636363636,0.015355909090909092
1643727804259720.0,0.0153668,0.0153352
1643727874183944.5,0.01536166666666667,0.015328333333333333
1643727932840882.2,0.015357941176470588,0.015326470588235294
1643727983004800.0,0.015392000000000001,0.015348800000000001
1643728046379268.2,0.015448780487804877,0.015418048780487806
1643728110364636.2,0.015426363636363637,0.015396363636363637
1643728162828357.2,0.015405357142857143,0.01537642857142857
1643728230096875.0,0.015435,0.015403749999999999
1643728286763162.8,0.01539093023255814,0.015368604651162791
1643728350175966.8,0.015397333333333334,0.015363666666666666
1643728411022818.2,0.01543409090909091,0.015407727272727273
1643728458858291.8,0.015430833333333333,0.015400416666666666
1643728523754307.8,0.015403076923076924,0.015380000000000001
1643728595472057.2,0.015378,0.015354571428571431
1643728649798394.0,0.015399393939393938,0.015376363636363636
1643728701239392.8,0.015398214285714284,0.015372142857142859
1643728773418242.5,0.01539060606060606,0.015368181818181817
1643728829184933.2,0.015404,0.015381666666666665
1643728896644000.0,0.015419230769230768,0.015397307692307693
1643728950256285.8,0.01543392857142857,0.015409642857142858
1643729007892381.0,0.015452380952380954,0.015432380952380951
1643729068517555.5,0.01545388888888889,0.01543
1643729128672963.0,0.015464444444444444,0.015443333333333333
1643729190030555.5,0.015439999999999999,0.015415185185185186
1643729247249562.5,0.01544,0.015406875
1643729288755857.2,0.015447142857142857,0.01542
1643729386783904.8,0.015438571428571428,0.015415714285714286
1643729419491647.0,0.015432352941176472,0.015414117647058823
1643729489620000.0,0.01545642857142857,0.01543
1643729556616400.0,0.015458,0.01543
1643729613671416.8,0.015444722222222223,0.015416111111111111
1643729677025166.8,0.015425555555555557,0.01539222222222222
1643729727971714.2,0.015409999999999998,0.015387142857142858
1643729784335050.0,0.015390999999999998,0.0153665
1643729848670000.0,0.015407272727272726,0.01538590909090909
1643729909452307.8,0.01541,0.015390769230769229
1643729975099433.2,0.015422,0.015394333333333333
1643730026324282.0,0.015404102564102563,0.015380000000000001
1643730092284050.0,0.015407,0.015382499999999999
1643730148032565.2,0.015404347826086956,0.015378695652173912
1643730202897310.2,0.015363103448275864,0.015336206896551723
1643730264935727.2,0.015368181818181819,0.01534181818181818
1643730333840363.8,0.01537,0.015349090909090908
1643730387581619.0,0.01537,0.015344285714285715
1643730456011307.8,0.015369999999999998,0.015350769230769232
1643730518557928.5,0.015375714285714286,0.015357142857142857
1643730584485707.2,0.015484268292682925,0.01545939024390244
1643730622541530.2,0.01556463087248322,0.015541946308724831
1643730692768835.5,0.015443291139240504,0.015419746835443037
1643730746828600.0,0.015448666666666666,0.015423333333333334
1643730803048166.8,0.01545,0.015419999999999998
1643730862096608.2,0.015445166666666668,0.015420333333333333
1643730925787181.0,0.01545,0.01542
1643730991889400.0,0.015456000000000001,0.0154275
1643731046580636.2,0.015457727272727272,0.01543
1643731114086674.5,0.015458837209302327,0.015435581395348839
1643731160923288.5,0.015462499999999999,0.015434134615384617
1643731217398066.8,0.015463333333333332,0.01544
1643731290995478.2,0.015477391304347827,0.015450869565217393
1643731341241361.8,0.015479574468085108,0.015456170212765958
1643731414821944.2,0.015472407407407407,0.015453518518518517
1643731459185597.8,0.015470919540229883,0.015446206896551724
1643731540319573.8,0.015461475409836067,0.015440327868852459
1643731598773821.2,0.01548154761904762,0.015460238095238095
1643731638099460.8,0.015607368421052634,0.015578947368421052
1643731699462250.0,0.015581500000000002,0.015556500000000001
1643731767924000.0,0.01557,0.01555
1643731832672000.0,0.015565185185185185,0.015542962962962962
1643731895037289.5,0.015538289473684208,0.015523684210526315
1643731953475308.5,0.015524893617021278,0.015498085106382979
1643732006985927.5,0.015514347826086955,0.015490289855072463
1643732071529651.2,0.015546046511627906,0.01551767441860465
1643732121344788.2,0.015516153846153846,0.015494615384615384
1643732190804061.5,0.015507755102040817,0.015488979591836734
1643732243587000.0,0.015500000000000002,0.01548
1643732318812083.2,0.0155,0.015479583333333333
1643732373112738.5,0.015506153846153847,0.015480769230769232
1643732414118057.2,0.015512571428571428,0.015492285714285714
1643732485786823.8,0.015521509433962263,0.015492893081761005
1643732538852991.8,0.015500330578512397,0.01546694214876033
1643732608194752.2,0.015474954128440369,0.015445779816513763
1643732674736368.2,0.015511228070175437,0.01548280701754386
1643732721116756.0,0.01559535433070866,0.015573385826771653
1643732780513269.2,0.01558,0.015553846153846152
1643732850021000.0,0.01558,0.01556
1643732904261319.2,0.015564255319148936,0.015541063829787235
1643732970852142.8,0.015558571428571427,0.01554
1643733029427645.2,0.015560967741935484,0.01553483870967742
1643733094353750.0,0.015563333333333334,0.015538749999999999
1643733140645126.0,0.015561102362204723,0.015537007874015749
1643733220709015.8,0.01558904761904762,0.015566349206349207
1643733265174819.8,0.01561688524590164,0.01559516393442623
1643733328297850.0,0.01562075,0.01559825
1643733399332324.0,0.01556774647887324,0.01554056338028169
1643733449242102.2,0.015561224489795918,0.015543265306122447
1643733511324900.0,0.015563666666666667,0.015541333333333332
1643733579039696.2,0.01555607594936709,0.01553392405063291
1643733621424700.2,0.0155547,0.0155323
1643733701595933.2,0.015549,0.015524000000000001
1643733739524042.5,0.015548085106382978,0.01552808510638298
1643733825434241.5,0.015611379310344828,0.015588793103448276
1643733866294617.8,0.015722058823529412,0.01569720588235294
1643733920526629.2,0.015698870967741935,0.015673709677419354
1643733984522707.2,0.015674146341463413,0.01564878048780488
1643734044125032.2,0.01570532258064516,0.015683870967741934
1643734103556250.0,0.01572,0.0156975
1643734169465209.8,0.015751451612903224,0.01572258064516129
1643734229103735.2,0.015751470588235294,0.01572970588235294
1643734279004521.8,0.01576695652173913,0.015744782608695652
1643734346862235.2,0.01576,0.01574
1643734398548000.0,0.01576,0.01574
1643734474946333.2,0.01576,0.015740555555555556
1643734532616100.0,0.015746,0.015725
1643734594933784.5,0.015743333333333335,0.0157221568627451
1643734652526645.5,0.015787088607594937,0.015765189873417722
1643734701024440.8,0.015808494623655914,0.015785913978494624
1643734769236584.2,0.0157561797752809,0.01573314606741573
1643734834722414.2,0.015737428571428572,0.015709714285714285
1643734894056421.0,0.015730631578947368,0.015701052631578945
1643734959626038.5,0.015790192307692307,0.01576625
1643735016351044.8,0.01579761194029851,0.015771641791044774
1643735066894594.2,0.015791304347826086,0.01576449275362319
1643735127846947.2,0.015740789473684208,0.01571815789473684
1643735182597803.5,0.01571786324786325,0.01569
1643735251654937.2,0.015710625,0.01569
1643735315851375.0,0.015710416666666664,0.01569395833333333
1643735367413244.8,0.01570020408163265,0.01567224489795918
1643735436858512.2,0.015672926829268293,0.01564560975609756
1643735486275941.2,0.015638823529411768,0.015611764705882355
1643735536846708.2,0.01564,0.015612500000000001
1643735621624266.8,0.015794592592592593,0.015772
1643735652665225.0,0.015769,0.015748375000000002
1643735736011050.0,0.015761999999999998,0.015736
1643735791006433.2,0.015758666666666667,0.015729333333333335
1643735847102200.0,0.01575,0.015724000000000002
1643735915796384.5,0.015756153846153847,0.015730769230769232
1643735966663466.8,0.015765333333333333,0.015738
1643736036784666.8,0.01577,0.01574266666666667
1643736079958000.0,0.015785999999999998,0.015766666666666665
1643736153729636.2,0.015780454545454545,0.01575318181818182
1643736212385521.8,0.015751739130434782,0.015721304347826086
1643736260393500.0,0.015754285714285714,0.01573
1643736326329394.0,0.015753939393939393,0.01573212121212121
1643736401107543.8,0.01567701754385965,0.0156540350877193
1643736458039322.5,0.015662741935483872,0.015641129032258064
1643736501366186.2,0.015704406779661017,0.01567864406779661
1643736568464466.8,0.015666,0.015645333333333334
1643736635197000.0,0.015678235294117646,0.015649411764705884
1643736691917687.5,0.01567625,0.015650625
1643736750396000.0,0.01565074074074074,0.01563
1643736806275963.0,0.015587777777777779,0.015559074074074074
1643736860614565.2,0.01560391304347826,0.015575652173913044
1643736926911291.8,0.015637916666666668,0.015610416666666668
1643736978738000.0,0.01565,0.015625
1643737037477833.2,0.015690625,0.015667708333333332
1643737112271437.5,0.015690625,0.015663125
1643737172385428.5,0.01569,0.01566
1643737222135307.8,0.015678461538461537,0.015653846153846154
1643737285314357.2,0.015707142857142857,0.015678571428571427
1643737345811642.8,0.015694999999999997,0.01567357142857143
1643737397234684.2,0.015678947368421053,0.01565
1643737463055428.5,0.015677142857142858,0.01565
1643737529295000.0,0.015671176470588234,0.01564823529411765
1643737586851200.0,0.015666,0.01563866666666667
1643737643784875.0,0.01565,0.01562
1643737712352500.0,0.01565,0.015626666666666667
1643737764204066.8,0.015654,0.015636666666666667
1643737823413055.5,0.015670555555555556,0.01564
1643737879501000.0,0.01567,0.01564
1643737951181222.2,0.01567,0.01564
1643737990827142.8,0.015658571428571428,0.015641428571428573
1643738078758736.0,0.015810566037735847,0.015782641509433964
1643738129828256.5,0.015755128205128203,0.015732051282051282
1643738194122111.0,0.01576,0.01574
1643738246257846.2,0.01576,0.015743076923076922
1643738315634900.0,0.01576,0.01574
1643738368952333.2,0.015724074074074074,0.01570222222222222
1643738432107411.8,0.015711764705882352,0.01568705882352941
1643738495050500.0,0.015740882352941174,0.01571029411764706
1643738554117687.0,0.015765034013605444,0.015735578231292516
1643738597495714.2,0.015714761904761905,0.015686825396825397
1643738662861538.5,0.01572,0.0157
1643738727494422.0,0.015716888888888888,0.015704
1643738781273115.5,0.015728076923076924,0.015706923076923077
1643738836811968.0,0.015756382978723404,0.01573617021276596
1643738908834583.2,0.01573,0.015707083333333333
1643738983508864.8,0.015716756756756756,0.015690540540540542
1643739010986807.0,0.015716666666666667,0.015691929824561402
1643739079884117.8,0.015761764705882354,0.015738235294117647
1643739146401444.5,0.01577,0.01575111111111111
1643739215389846.2,0.015775384615384615,0.015754615384615384
1643739262722560.0,0.0157592,0.0157368
1643739341058088.0,0.015764945054945054,0.015743186813186812
1643739388654434.8,0.015754492753623187,0.01573463768115942
1643739429692967.2,0.01574918032786885,0.015728688524590164
1643739514304000.0,0.015713571428571427,0.015696071428571427
1643739573205811.5,0.015809420289855075,0.015780869565217393
1643739639651414.8,0.01578219512195122,0.015755121951219513
1643739688912750.0,0.015785833333333332,0.015764166666666666
1643739757573166.8,0.015784166666666665,0.0157625
1643739803781526.2,0.01578894736842105,0.01576578947368421
1643739871577066.8,0.015802,0.015778
1643739923528875.0,0.015792499999999998,0.01577458333333333
1643739978627560.0,0.015814,0.015794
1643740048141375.0,0.01582,0.0158
1643740108359230.8,0.015813076923076923,0.015788846153846153
1643740165700656.2,0.01585125,0.015829375
1643740233011916.8,0.01582916666666667,0.015805833333333335
1643740296772147.0,0.01586735294117647,0.015843823529411764
1643740341040647.0,0.01585470588235294,0.015832941176470588
1643740405528333.2,0.015853333333333334,0.01583333333333333
1643740463155058.0,0.01577536231884058,0.01575072463768116
1643740521976227.2,0.015796818181818183,0.01577090909090909
1643740577852857.2,0.01575238095238095,0.015723333333333336
1643740654555687.5,0.01577625,0.01575625
1643740702818750.0,0.01581666666666667,0.01579
1643740773711789.5,0.01581,0.015783684210526314
1643740835181133.2,0.015814666666666668,0.015786666666666664
1643740904379020.8,0.01586125,0.015823958333333332
1643740939129718.0,0.015847820512820514,0.0158225641025641
1643741019023158.0,0.015832105263157894,0.015810526315789473
1643741072074187.5,0.01584125,0.015816875
1643741121445000.2,0.015855294117647058,0.015830196078431374
1643741202513513.5,0.015760270270270268,0.015725135135135133
1643741245106555.5,0.015780555555555555,0.015759444444444444
1643741309467207.0,0.01579448275862069,0.015769310344827585
1643741382147645.2,0.015735483870967744,0.01571225806451613
1643741422534629.8,0.01577,0.015743333333333335
1643741484042130.5,0.01576217391304348,0.015732608695652173
1643741538553091.0,0.015758181818181817,0.015731818181818184
1643741617071750.0,0.015748,0.015722
1643741662616500.0,0.0157775,0.015751249999999998
1643741734378444.5,0.015754814814814815,0.015737777777777778
1643741787989280.0,0.0157176,0.015690199999999998
1643741840994625.0,0.01571479166666667,0.01568333333333333
1643741909071444.5,0.015705833333333332,0.015674722222222222
1643741977538837.8,0.015728108108108107,0.01570702702702703
1643742020971890.5,0.0157515625,0.0157290625
1643742083828146.2,0.01577878048780488,0.015751463414634147
1643742152729640.0,0.0157904,0.015763199999999998
1643742195842391.2,0.01581130434782609,0.015789565217391305
1643742274318909.0,0.01580727272727273,0.01578
1643742318981545.5,0.01577,0.015745454545454545
1643742388662285.8,0.015754999999999998,0.015734285714285715
1643742464246591.0,0.015719999999999998,0.015693636363636364
1643742496601461.5,0.015701538461538458,0.015683076923076925
1643742564072850.0,0.0157245,0.0157005
1643742628801571.5,0.01573904761904762,0.01571142857142857
1643742684646538.5,0.015743846153846157,0.01571923076923077
1643742754582087.0,0.01574086956521739,0.015717826086956523
1643742826620297.8,0.015749574468085104,0.015725744680851063
1643742866843091.2,0.01587108695652174,0.01584521739130435
1643742927519433.2,0.015750555555555552,0.01572588888888889
1643742995240860.2,0.0156848,0.0156624
1643743038349629.0,0.015682359550561797,0.015654044943820226
1643743109830357.2,0.015684285714285713,0.01566
1643743173156009.2,0.0156788679245283,0.015654716981132074
1643743235547926.0,0.015625,0.01560574074074074
1643743276759732.0,0.015588392857142858,0.015568571428571428
1643743335133147.5,0.01559983606557377,0.015570983606557377
1643743423215283.0,0.015609056603773585,0.015582830188679245
1643743477716253.0,0.015609397590361446,0.015595421686746987
1643743516920652.2,0.015615434782608696,0.015598478260869564
1643743587229353.0,0.01560235294117647,0.015579999999999998
1643743651114666.8,0.015596190476190475,0.015573333333333333
1643743699826333.2,0.015582222222222223,0.01556
1643743756114541.8,0.015593749999999998,0.015575
1643743821829793.0,0.015617931034482758,0.015597586206896552
1643743894337857.2,0.01561,0.015590000000000001
1643743950807700.0,0.015610000000000002,0.015589999999999998
1643744008835850.0,0.015611,0.015589999999999998
1643744061878666.8,0.01562,0.01559
1643744146771588.2,0.015595882352941175,0.01557705882352941
1643744178123615.5,0.015564615384615383,0.015545192307692308
1643744233469750.0,0.015585833333333333,0.015570833333333334
1643744302730117.8,0.01559,0.015571764705882354
1643744365637160.0,0.015582,0.015564
1643744434070437.5,0.015591875,0.01557
1643744489381129.0,0.015608064516129031,0.015588709677419356
1643744544231000.0,0.01562809523809524,0.015611904761904763
1643744610002875.0,0.015640833333333336,0.01562791666666667
1643744663241833.2,0.01565,0.01563666666666667
1643744721908250.0,0.015670714285714284,0.0156575
1643744785738240.0,0.0156656,0.0156436
1643744838200250.0,0.015661666666666667,0.015645833333333335
1643744922460733.2,0.01564866666666667,0.015629333333333335
1643744969286846.2,0.015635384615384617,0.015617692307692308
1643745040505481.5,0.015612592592592593,0.015597407407407407
1643745081283266.8,0.015624,0.0156
1643745146976941.2,0.015628823529411768,0.0156
1643745211873000.0,0.015591428571428572,0.015569999999999999
1643745271223500.0,0.015578,0.015561999999999998
1643745339167000.0,0.015582857142857143,0.01556857142857143
1643745388503500.0,0.015589999999999998,0.01557
1643745441883133.2,0.015580666666666666,0.015560666666666665
1643745515078600.0,0.015576999999999999,0.015561
1643745566281730.8,0.015561923076923076,0.01554153846153846
1643745641295500.0,0.015578333333333333,0.015555000000000001
1643745684510357.2,0.015594285714285713,0.015574285714285716
1643745749976304.2,0.01564304347826087,0.01562521739130435
1643745794967470.5,0.01566,0.015642352941176472
1643745867836500.0,0.015658,0.015638000000000003
1643745928244607.2,0.01561,0.0155875
1643745986776100.0,0.015610000000000002,0.015589999999999998
1643746044195069.0,0.01560655172413793,0.015582413793103449
1643746106083900.0,0.015607000000000001,0.01558
1643746170069809.5,0.015612857142857142,0.015598095238095236
1643746229650000.0,0.0156175,0.0156
1643746290705538.5,0.015616923076923077,0.0156
1643746345150875.0,0.015625625,0.01561
1643746406116333.2,0.01562375,0.01560625
1643746476596450.0,0.0156445,0.015627000000000002
1643746537358592.5,0.01567111111111111,0.015655185185185185
1643746590394515.2,0.015653333333333335,0.015629999999999998
1643746645832833.2,0.0156325,0.01561625
1643746711685500.0,0.015612500000000001,0.015596428571428572
1643746784721071.5,0.015590000000000001,0.015570714285714287
1643746826797437.5,0.0156296875,0.015609062500000001
1643746889794000.0,0.01565,0.015630625000000002
1643746954007575.8,0.015657272727272728,0.015641212121212122
1643747008158285.8,0.01563257142857143,0.01561457142857143
1643747070123685.8,0.015614285714285714,0.015593142857142857
1643747140934312.5,0.0155971875,0.015580624999999999
1643747189571939.5,0.015606666666666668,0.015585757575757574
1643747265891000.0,0.015598888888888888,0.015584444444444444
1643747305053333.2,0.015609333333333334,0.01559
1643747367257500.0,0.01561,0.01559
1643747426658777.8,0.01563666666666667,0.015623055555555555
1643747480966054.0,0.01564243243243243,0.01562
1643747552829709.8,0.015642258064516128,0.015622580645161291
1643747609142000.0,0.01563818181818182,0.015619090909090909
1643747660769166.8,0.015637500000000002,0.015613333333333333
1643747735181200.0,0.015639333333333335,0.015619333333333334
1643747790108583.2,0.015645000000000003,0.01562916666666667
1643747847864158.0,0.01565,0.01563
1643747917169172.5,0.015636551724137932,0.015620000000000002
1643747963924565.2,0.01561086956521739,0.01559
1643748026889521.8,0.01562913043478261,0.015605652173913043
1643748102505347.8,0.015641739130434783,0.015622173913043479
1643748156049769.2,0.015656923076923075,0.015636153846153848
1643748207369521.8,0.01566913043478261,0.01564826086956522
1643748271484333.2,0.015681666666666663,0.01566
1643748327938926.8,0.01571170731707317,0.01569
1643748381769360.0,0.0156884,0.015664
1643748445121142.8,0.01568142857142857,0.015662000000000002
1643748512545969.8,0.015695151515151513,0.01567878787878788
1643748571684047.5,0.0157,0.01568095238095238
1643748626395428.5,0.015708571428571426,0.015684761904761906
1643748695660083.2,0.0157,0.01567666666666667
1643748752287777.8,0.01569,0.015672777777777775
1643748803892125.0,0.015689375,0.01567
1643748870647500.0,0.015694166666666665,0.015670833333333332
1643748924016889.0,0.015684444444444445,0.015667777777777777
1643748989002812.5,0.0156575,0.015638125000000003
1643749050832700.0,0.01566,0.015635000000000003
1643749120779250.0,0.01564916666666667,0.015635
1643749177457617.8,0.015596176470588237,0.015579705882352942
1643749225295984.8,0.015589692307692308,0.015564615384615385
1643749283114333.2,0.01563,0.015608095238095239
1643749349638272.8,0.01563,0.01561
1643749411581473.8,0.0156321052631579,0.015612105263157894
1643749481179214.2,0.015647142857142856,0.015625714285714288
1643749533180571.5,0.01568619047619048,0.015666190476190476
1643749584534333.2,0.0157,0.01567733333333333
1643749648986579.0,0.01568578947368421,0.015667894736842106
1643749713587666.8,0.015688888888888888,0.015668333333333333
1643749770308333.2,0.0157,0.01568
1643749829111764.8,0.015701764705882353,0.01568294117647059
1643749896403826.0,0.015700434782608696,0.015681304347826087
1643749947391000.0,0.01569,0.01567181818181818
1643749997159304.2,0.01570695652173913,0.015686521739130436
1643750072783823.5,0.01571,0.01569
1643750129337709.8,0.015713548387096776,0.015696451612903225
1643750188048526.2,0.01572842105263158,0.015710263157894738
1643750257598529.5,0.015731176470588235,0.015715882352941177
1643750297930235.2,0.01572529411764706,0.0157
1643750377505800.0,0.0157085,0.01569
1643750433169058.8,0.01569941176470588,0.01568294117647059
1643750490786625.0,0.01573125,0.015708541666666666
1643750548230647.0,0.01574,0.01572
1643750611192833.2,0.015739444444444445,0.01572
1643750663076843.8,0.0157475,0.0157271875
1643750735981529.5,0.015714117647058823,0.015698235294117648
1643750794411750.0,0.01571,0.01569
1643750851762000.0,0.015695999999999998,0.015681333333333332
1643750895203400.0,0.0157,0.015681999999999998
1643750968902083.2,0.01569083333333333,0.015670833333333332
1643751038291777.8,0.01569,0.01567
1643751079903952.5,0.01570047619047619,0.01567952380952381
1643751155922285.8,0.01569142857142857,0.015672857142857145
1643751212367181.8,0.01568,0.01566
1643751268493625.0,0.01568,0.015660625
1643751326052000.0,0.01568,0.01566181818181818
1643751386880153.8,0.015676923076923074,0.01566
1643751445860350.0,0.0157005,0.015681
1643751496564000.0,0.01571,0.015693333333333333
1643751562396500.0,0.01568611111111111,0.01566666666666667
1643751618304000.0,0.015676000000000002,0.01566
1643751697903432.0,0.015632954545454547,0.015616818181818183
1643751747049069.0,0.015634482758620692,0.015613103448275862
1643751817675250.0,0.01566,0.01564
1643751873040500.0,0.01566,0.01564
1643751925307571.5,0.01566,0.015644285714285715
1643751991113100.0,0.015667,0.015651
1643752058847000.0,0.01567,0.015658
1643752112818875.0,0.0156475,0.015631875
1643752164379208.2,0.015605416666666665,0.01558375
1643752230140333.2,0.015607142857142856,0.015590000000000001
1643752299732000.0,0.01561,0.01559
1643752349580200.0,0.0156505,0.0156255
1643752407741777.8,0.01566,0.015634444444444444
1643752471319000.0,0.01566,0.01564
1643752536225833.2,0.015655,0.015637500000000002
1643752583378200.0,0.015644,0.01563
1643752654845750.0,0.01565,0.01563
1643752692280230.8,0.015622307692307692,0.015606923076923076
1643752774386347.8,0.015675362318840577,0.015657101449275363
1643752830817027.0,0.01572135135135135,0.015699189189189187
1643752879057666.8,0.015679333333333333,0.015653
1643752955277906.2,0.0156834375,0.0156596875
1643753016962853.0,0.0157,0.015681176470588233
1643753059575600.0,0.01569733333333333,0.015678
1643753131909200.0,0.015691,0.015672
1643753182967625.0,0.01568,0.0156625
1643753241010500.0,0.01568,0.01566
1643753311923500.0,0.01568,0.0156625
1643753377255500.0,0.015675,0.015662000000000002
1643753432498764.8,0.015662941176470588,0.015640588235294118
1643753486880181.8,0.01565090909090909,0.01563
1643753578510000.0,0.01565,0.01563
1643753624385166.8,0.01565,0.015635
1643753686478333.2,0.015647777777777778,0.015634444444444444
1643753720801916.8,0.0156675,0.01564916666666667
1643753777479666.8,0.015663333333333335,0.015634166666666668
1643753843138727.2,0.01565090909090909,0.015625454545454547
1643753919114222.2,0.015623333333333335,0.015606666666666666
1643753950034944.5,0.015614999999999999,0.015598888888888888
1643754028466750.0,0.01562,0.0156
1643754087196750.0,0.015615,0.01559125
1643754159981428.5,0.01562,0.015591428571428572
1643754209029266.8,0.01562,0.015591333333333334
1643754268361450.0,0.0156335,0.015608
1643754320899500.0,0.01563857142857143,0.015609285714285714
1643754384953857.2,0.01563,0.015608571428571428
1643754446699200.0,0.01563,0.015609999999999999
1643754499201000.0,0.01563,0.0156
1643754566772666.8,0.01563,0.015599999999999998
1643754621709428.5,0.01563,0.015602857142857142
1643754702328000.0,0.01563,0.015599999999999998
1643754758056666.8,0.01563,0.015599999999999998
1643754817834800.0,0.015640400000000002,0.015618400000000001
1643754868281000.0,0.015656923076923075,0.01562692307692308
1643754938516875.0,0.015650416666666667,0.015624166666666668
1643754982868125.0,0.015620000000000002,0.0156
1643755050267769.2,0.015611538461538461,0.015585384615384616
1643755105974357.2,0.015618571428571428,0.015597142857142856
1643755179654400.0,0.01562,0.0156
1643755230261750.0,0.015615,0.015592499999999999
1643755274956714.2,0.015622857142857143,0.015600000000000001
1643755334250833.2,0.015628333333333334,0.015618333333333333
1643755395490200.0,0.015622,0.0156
1643755464166000.0,0.015628000000000003,0.0156
1643755513812800.0,0.015654,0.015624000000000002
1643755585319600.0,0.015654,0.015628
1643755640714875.0,0.015645,0.01562
1643755710050125.0,0.01564875,0.01562
1643755778948857.2,0.01565,0.01562
1643755835091125.0,0.01565,0.01562875
1643755892969600.0,0.01565,0.01563
1643755950979800.0,0.01565,0.015622
1643756013622318.2,0.015625454545454547,0.015602727272727273
1643756078830750.0,0.0155975,0.01557
1643756141137714.2,0.015598571428571429,0.01557
1643756187639111.0,0.0156,0.015571111111111112
1643756252745600.0,0.015598999999999998,0.015575
1643756318008666.8,0.015612666666666667,0.015587333333333333
1643756368986666.8,0.015643333333333332,0.015614999999999999
1643756441123916.8,0.0156275,0.015607500000000002
1643756481241411.8,0.015613529411764707,0.01559
1643756552124117.8,0.015597058823529412,0.015571764705882354
1643756603855954.5,0.015589545454545455,0.015565
1643756662760444.5,0.01559222222222222,0.015562222222222222
1643756727838727.2,0.01559,0.015559999999999997
1643756787090889.0,0.015580000000000002,0.015550666666666666
1643756853084517.2,0.01557896551724138,0.015555172413793103
1643756909513565.2,0.015576956521739129,0.015550434782608695
1643756970493758.5,0.015557241379310345,0.015533103448275864
1643757032740880.0,0.0155528,0.015527200000000001
1643757089419037.0,0.01554925925925926,0.01552
1643757138619125.0,0.015538749999999999,0.015519583333333335
1643757200577416.8,0.015547499999999999,0.015529166666666669
1643757268217153.8,0.015542307692307692,0.01552076923076923
1643757321019125.0,0.01554,0.01552
1643757388779222.2,0.015543888888888888,0.015519999999999999
1643757451772150.0,0.015552,0.015529000000000001
1643757511517666.8,0.015556666666666665,0.01553
1643757568833904.8,0.01556904761904762,0.015547142857142857
1643757620866103.5,0.015595172413793103,0.015575172413793104
1643757686517400.0,0.0155996,0.015569999999999999
1643757752359942.8,0.015599428571428571,0.015570285714285714
1643757812392485.8,0.015600857142857144,0.015574857142857144
1643757866420722.2,0.01561,0.015592777777777777
1643757932939000.0,0.01560047619047619,0.015578571428571428
1643757998950272.8,0.015600000000000001,0.015573636363636366
1643758052447333.2,0.0156,0.01557
1643758113916100.0,0.0156,0.01557
1643758157968333.2,0.015599999999999998,0.01557
1643758224167724.2,0.01559103448275862,0.015564827586206897
1643758290718411.8,0.015587647058823529,0.01556
1643758336424722.2,0.015588333333333334,0.015566666666666666
1643758412601375.0,0.015596249999999999,0.01557875
1643758454872111.0,0.01558888888888889,0.015565555555555555
1643758531717375.0,0.01558,0.015568750000000001
1643758603542250.0,0.015580833333333334,0.015563333333333332
1643758653025333.2,0.015585,0.01556
1643758716273250.0,0.01557,0.015546875
1643758760269714.2,0.015554285714285713,0.01553
1643758831526200.0,0.015554499999999999,0.0155325
1643758892717700.0,0.01555,0.015531
1643758950322937.5,0.015550625,0.015529375
1643759008721650.0,0.0155655,0.015543499999999998
1643759072878500.0,0.01557,0.01555
1643759120013091.0,0.01557,0.015545454545454545
1643759197917000.0,0.015582142857142859,0.015557142857142856
1643759255504588.2,0.01559764705882353,0.01557529411764706
1643759305240444.5,0.015611111111111112,0.015591111111111111
1643759386198500.0,0.01561,0.015598333333333332
1643759441843000.0,0.01561,0.015595
1643759499430529.5,0.015609411764705882,0.015579999999999998
1643759560567666.8,0.01561,0.015580000000000002
1643759609200833.2,0.01561,0.015580000000000002
1643759667007857.2,0.01559952380952381,0.015580000000000002
1643759720501370.2,0.015594444444444444,0.015574444444444445
1643759789107318.2,0.01559,0.015574545454545454
1643759842617238.0,0.015590000000000001,0.015570952380952382
1643759907852071.5,0.015590000000000001,0.01556
1643759976668158.0,0.015589999999999998,0.015562105263157894
1643760028045494.5,0.015594482758620689,0.015567241379310346
1643760093747320.8,0.015616981132075472,0.015596792452830188
1643760154219187.5,0.015624687500000001,0.01560625
1643760207305875.0,0.01563,0.01561
1643760269013656.2,0.015619375000000001,0.0156
1643760332465764.8,0.015609411764705882,0.015584705882352941
1643760387362138.0,0.01556344827586207,0.015539655172413793
1643760451206823.5,0.015551764705882353,0.015532352941176471
1643760513567125.0,0.01555,0.01552
1643760564628750.0,0.01555,0.01552
1643760629440750.0,0.015559374999999999,0.015538125
1643760696960674.5,0.01562232558139535,0.015603488372093023
1643760748190025.0,0.01564575,0.0156265
1643760802753909.0,0.01563939393939394,0.015618181818181818
1643760865935800.0,0.015610000000000002,0.015582000000000002
1643760930261727.2,0.01560818181818182,0.015583636363636362
1643760988669416.8,0.01561,0.015585
1643761040949428.5,0.01561,0.01558
1643761106233235.2,0.015620588235294119,0.015596470588235293
1643761153699111.0,0.015620000000000002,0.01559
1643761229757555.5,0.015619444444444444,0.015592777777777777
1643761292366000.0,0.01562,0.015599999999999998
1643761350054545.5,0.01562,0.015597272727272727
1643761402768153.8,0.015619999999999998,0.0156
1643761475752714.2,0.015593571428571429,0.015575
1643761517254153.8,0.01559,0.01557
1643761591220882.2,0.01560764705882353,0.015581176470588235
1643761650052600.0,0.015613333333333335,0.01559
1643761727879700.0,0.015614,0.015586
1643761765952625.0,0.01561,0.015582499999999999
1643761831785382.8,0.015569787234042553,0.015551914893617019
1643761881014133.2,0.015566,0.015546
1643761952213000.0,0.01555,0.01553
1643762019211368.5,0.01550701754385965,0.01548578947368421
1643762065441656.2,0.0154921875,0.0154725
1643762126499396.0,0.015527708333333334,0.015507708333333333
1643762183259192.2,0.015516153846153846,0.015503076923076923
1643762257923400.0,0.01551,0.015479999999999999
1643762302365177.5,0.015493555555555556,0.015470888888888888
1643762366053125.0,0.0155,0.015470999999999999
1643762428009952.5,0.0155,0.01547
1643762491697518.5,0.01553611111111111,0.015517962962962963
1643762550961974.2,0.01553,0.015506153846153845
1643762608360360.0,0.015529999999999999,0.015506800000000001
1643762669720538.5,0.01553,0.015506923076923076
1643762736090625.0,0.01553,0.0155
1643762796016860.5,0.015531627906976745,0.015507441860465116
1643762844855875.0,0.015561875,0.015541875
1643762901050200.0,0.01555,0.01552
1643762971306480.0,0.015558,0.015542
1643763030509565.2,0.015541304347826086,0.01552391304347826
1643763073463400.0,0.015540000000000002,0.01551
1643763146865266.8,0.015535333333333335,0.015512666666666668
1643763226803500.0,0.01554,0.015509999999999998
1643763263074909.0,0.015537272727272728,0.015512727272727272
1643763320371750.0,0.015506944444444445,0.015485277777777778
1643763380076812.5,0.015502499999999999,0.015474375
1643763453844800.0,0.0155,0.015470000000000001
1643763509351714.2,0.0155,0.01547285714285714
1643763567297058.8,0.015507647058823529,0.015484117647058825
1643763624624111.0,0.015505,0.015485555555555554
1643763696215833.2,0.01551,0.015491666666666666
1643763757123083.2,0.015496666666666667,0.015480833333333333
1643763813588944.5,0.015484444444444447,0.01547
1643763869342769.2,0.01549,0.01547076923076923
1643763925554857.2,0.01550357142857143,0.015481428571428571
1643763988885000.0,0.01552,0.0155
1643764063182500.0,0.015536666666666667,0.015511666666666667
1643764111662800.0,0.01555,0.01552
1643764163434333.2,0.01555,0.015519999999999999
1643764210775900.0,0.015514,0.015486
1643764284064500.0,0.01551,0.01549
1643764353794666.8,0.01551,0.015492222222222221
1643764407953400.0,0.01551,0.01549
1643764473107965.5,0.01551,0.01549
1643764520149272.8,0.015494545454545455,0.015476363636363637
1643764587244466.8,0.01548,0.015464666666666665
1643764656022083.2,0.01548,0.01546
1643764709887555.5,0.015478888888888891,0.015459999999999998
1643764775058714.2,0.01545809523809524,0.015436190476190477
1643764829498848.5,0.015434545454545454,0.015416363636363636
1643764880906000.0,0.015435384615384616,0.015412307692307694
1643764961676033.2,0.015451666666666667,0.015432
1643765001421450.0,0.015443000000000002,0.015418999999999999
1643765077001666.8,0.015420666666666666,0.015401333333333333
1643765133993389.0,0.015422222222222223,0.015401666666666666
1643765198416526.2,0.01541421052631579,0.015395263157894737
1643765241299000.0,0.015416,0.015399
1643765296578500.0,0.01541875,0.015405
1643765378507100.0,0.015418999999999999,0.015401999999999999
1643765435165312.5,0.015410625,0.015390000000000001
1643765482854277.8,0.015386666666666667,0.015370000000000002
1643765542830928.5,0.015397857142857144,0.015379047619047617
1643765607071100.0,0.015403,0.0153835
1643765665239416.8,0.015408333333333335,0.015384166666666666
1643765734135812.5,0.015415625,0.015395
1643765798899480.0,0.0154176,0.0153952
1643765846201681.8,0.015394090909090908,0.015379545454545453
1643765916815600.0,0.015393333333333334,0.01537
1643765954927562.5,0.015391249999999999,0.01537
1643766028725272.8,0.01539,0.01537
1643766086437052.8,0.015379473684210524,0.015361578947368422
1643766142909454.5,0.015377272727272727,0.01535818181818182
1643766201442571.5,0.015389285714285713,0.015367857142857143
1643766270804928.5,0.015378571428571427,0.01536
1643766332184210.5,0.015389473684210526,0.015365263157894736
1643766406645777.8,0.015384444444444444,0.015370000000000002
1643766450167529.5,0.015398823529411765,0.015371176470588235
1643766507019125.0,0.01539,0.015365
1643766583793893.5,0.015375531914893617,0.015347659574468086
1643766628179307.8,0.015379615384615384,0.015365769230769231
1643766680056482.8,0.01539551724137931,0.015382068965517241
1643766742959750.0,0.015400000000000002,0.015383333333333332
1643766823633889.0,0.015387777777777778,0.015370000000000002
1643766869561428.5,0.01539,0.015370714285714284
1643766919715428.5,0.01539,0.01537
1643766985678000.0,0.01539,0.015370000000000002
1643767022917000.0,0.01539,0.01537
1643767109550714.2,0.01539190476190476,0.015379047619047617
1643767160256687.5,0.015399375,0.01537125
1643767238222363.8,0.015399999999999999,0.01537
1643767292390782.5,0.015391739130434783,0.015375217391304348
1643767350987272.8,0.01539,0.01538
1643767410583869.5,0.015384782608695653,0.015369565217391303
1643767466994117.8,0.015375882352941177,0.015356470588235294
1643767526712843.8,0.01537375,0.0153565625
1643767590191222.2,0.015379999999999998,0.01536
1643767649907307.8,0.015380000000000001,0.01536
1643767707009047.5,0.01539095238095238,0.01537142857142857
1643767764766666.8,0.015400000000000002,0.01538
1643767834401666.8,0.0154,0.015379999999999998
1643767883912714.2,0.0154,0.015383809523809525
1643767937701428.5,0.015418571428571429,0.015400476190476192
1643768000613230.8,0.015424615384615386,0.0154
1643768072212875.0,0.01542875,0.01540625
1643768121756950.0,0.015434999999999999,0.015418499999999998
1643768191846500.0,0.01544,0.01541
1643768249337625.0,0.0154546875,0.0154290625
1643768309823091.0,0.01546,0.015440000000000002
1643768356152625.0,0.01545375,0.015435
1643768434266916.8,0.01545,0.01543
1643768481890381.0,0.01545,0.01543047619047619
1643768551032285.8,0.015444761904761906,0.01543047619047619
1643768616806700.0,0.01545,0.01543
1643768667959611.0,0.01545,0.01543
1643768728634823.5,0.01545,0.01543
1643768794007041.8,0.01545,0.01543
1643768858946736.8,0.015457894736842106,0.015438421052631579
1643768916588346.2,0.01547,0.015456538461538463
1643768957752153.8,0.015475384615384615,0.01546
1643769030737928.5,0.015480000000000002,0.01546
1643769092271869.5,0.01548,0.015463478260869565
1643769148867750.0,0.01548,0.01546
1643769204288862.0,0.01548,0.01546
1643769268296242.5,0.01548060606060606,0.01546060606060606
1643769326169647.0,0.01548,0.01546
1643769384754615.5,0.01548,0.01546
1643769445244777.8,0.01548,0.015459999999999998
1643769506603214.2,0.015486428571428571,0.015462857142857143
1643769566602625.0,0.01549,0.01546
1643769655414600.0,0.015479000000000001,0.015459999999999998
1643769690398800.0,0.01548,0.01546
1643769758458200.0,0.015479999999999999,0.015459999999999998
1643769820491310.2,0.015476896551724139,0.01546206896551724
1643769864758174.0,0.015480434782608698,0.015464782608695653
1643769936246966.8,0.015480666666666667,0.015465333333333333
1643769986722666.8,0.01548952380952381,0.01547
1643770058509111.0,0.015494444444444443,0.01547611111111111
1643770101073950.0,0.0155,0.015479999999999999
1643770174015091.0,0.015499999999999998,0.01548
1643770221662600.0,0.015496666666666666,0.015473333333333334
1643770292005500.0,0.0154975,0.01547
1643770341921166.8,0.0155,0.01547
1643770408572111.0,0.015500000000000002,0.01547
1643770470157750.0,0.015496,0.015470000000000001
1643770530532857.2,0.015497142857142857,0.01547
1643770595405077.0,0.015494615384615384,0.01547076923076923
1643770636895642.8,0.015492857142857143,0.01547
1643770696935500.0,0.0155,0.01547
1643770773298066.8,0.015493333333333333,0.01547
1643770838783057.8,0.015498461538461537,0.015482884615384615
1643770879900794.8,0.01552,0.015503076923076922
1643770952866230.8,0.015520000000000003,0.015500000000000002
1643771013061375.0,0.015519583333333335,0.0155
1643771065148868.5,0.01552,0.0155
1643771139388294.0,0.01552,0.0155
1643771186845673.5,0.015517755102040816,0.015507551020408163
1643771256023650.0,0.015522,0.0155
1643771307817428.5,0.015530000000000002,0.0155
1643771368193750.0,0.015523750000000001,0.0155
1643771428464764.8,0.015522941176470588,0.0155
1643771492515333.2,0.01553,0.0155
1643771541556423.0,0.015549230769230768,0.015518846153846154
1643771614838187.5,0.015549374999999999,0.01553
1643771689661250.0,0.015572142857142857,0.015540714285714284
1643771720926961.5,0.015581153846153847,0.015559615384615384
1643771795803166.8,0.015582499999999999,0.01556
1643771847441041.8,0.015580000000000002,0.015563333333333334
1643771909032750.0,0.01558,0.01555
1643771972734903.2,0.015580322580645163,0.015556129032258064
1643772020004600.0,0.015583000000000001,0.01556
1643772077188045.5,0.015589545454545455,0.015566363636363635
1643772147235687.5,0.01559,0.01556
1643772208290857.2,0.015590000000000001,0.01556
1643772279153782.5,0.01559,0.015574782608695652
1643772331054441.8,0.01559,0.01558
1643772387735361.0,0.015595833333333333,0.015580000000000002
1643772455695390.2,0.015601463414634146,0.015584878048780488
1643772514360027.0,0.01561,0.015589999999999998
1643772569322690.5,0.015609999999999999,0.015590000000000001
1643772627397272.8,0.015603030303030304,0.01559
1643772690125674.5,0.01561,0.01559
1643772736949833.2,0.015574444444444443,0.015553333333333332
1643772815576461.5,0.01557,0.01555
1643772872551558.8,0.015584117647058823,0.01556470588235294
1643772929712464.2,0.015580357142857144,0.015562142857142856
1643772986343000.0,0.015586190476190476,0.015567142857142856
1643773056512200.0,0.015589333333333334,0.015570666666666668
1643773118064214.2,0.015587142857142857,0.015564285714285713
1643773172505066.8,0.01559,0.01556
1643773224868000.0,0.01559,0.01556
1643773281286800.0,0.015589999999999998,0.01556
1643773343528928.5,0.015582142857142859,0.01556
1643773419485562.5,0.01558125,0.01556
1643773467046315.8,0.015589999999999998,0.015560526315789473
1643773524655600.0,0.015589999999999998,0.015569
1643773588208200.0,0.015589999999999998,0.01558
1643773643426833.2,0.015590555555555555,0.015580000000000002
1643773702040666.8,0.015596666666666667,0.015580000000000002
1643773764207875.0,0.0156,0.01558
1643773820606406.2,0.015630625000000002,0.0156146875
1643773883387562.5,0.015648125000000002,0.0156325
1643773955914062.5,0.015638125000000003,0.01562
1643774022116000.0,0.01563,0.01561
1643774062696111.0,0.01563,0.01561
1643774135511368.5,0.015626315789473683,0.01561
1643774199779777.8,0.015623333333333335,0.015611111111111112
1643774244864200.0,0.015632800000000002,0.0156112
1643774301664428.5,0.01563857142857143,0.015618571428571428
1643774380253500.0,0.015630833333333333,0.0156125
1643774428820523.8,0.015605238095238096,0.01559095238095238
1643774479830777.8,0.0156,0.015581666666666667
1643774539966000.0,0.015599999999999998,0.015580000000000002
1643774624902900.0,0.015588,0.015569
1643774667476960.0,0.0155736,0.015559999999999997
1643774726145375.0,0.01558,0.01556
1643774786990500.0,0.01558,0.01556
1643774847944437.5,0.01558,0.0155625
1643774918236187.5,0.015574375,0.015556249999999999
1643774959523700.0,0.015566,0.01555
1643775033707000.0,0.015567666666666667,0.015554333333333333
1643775102849210.5,0.015556315789473684,0.01553684210526316
1643775149169100.0,0.01555,0.015529999999999999
1643775212195000.0,0.01555,0.015528461538461538
1643775259403722.2,0.015566666666666666,0.01554888888888889
1643775321469363.8,0.015596818181818182,0.01557318181818182
1643775388603000.0,0.01560818181818182,0.01558090909090909
1643775449959769.2,0.01560846153846154,0.015584615384615384
1643775514662571.5,0.015597142857142856,0.01558
1643775556853100.0,0.015597,0.01558
1643775612641333.2,0.015599999999999998,0.015580000000000002
1643775696857736.8,0.015607368421052634,0.015583157894736842
1643775744007538.5,0.01559923076923077,0.01558
1643775798810000.0,0.0156,0.01558
1643775866627571.5,0.015590000000000001,0.01558
1643775925407588.2,0.015619411764705882,0.0156
1643775983181555.5,0.015622222222222223,0.015606666666666666
1643776053122666.8,0.015620000000000002,0.0156
1643776115235740.8,0.015590370370370369,0.015573703703703702
1643776166079500.0,0.01558,0.01556
1643776242127619.0,0.015602380952380953,0.015582857142857141
1643776278479000.0,0.015625714285714288,0.0156
1643776353529000.0,0.015621363636363638,0.015604090909090908
1643776413546166.8,0.01563,0.01561
1643776470768357.2,0.01562857142857143,0.015606428571428571
1643776523767333.2,0.015639523809523808,0.015620952380952381
1643776592452166.8,0.01564,0.015620833333333334
1643776660359375.0,0.015635000000000003,0.01561625
1643776702019083.2,0.015628333333333334,0.015612500000000001
1643776770784272.8,0.01564,0.015620909090909092
1643776829820300.0,0.015638000000000003,0.015614
1643776891609250.0,0.015625833333333335,0.015605
1643776943151107.2,0.015590357142857142,0.015575
1643777003130695.8,0.01558,0.015556956521739131
1643777080524000.0,0.01559,0.015573636363636366
1643777127238091.0,0.015584545454545455,0.015565454545454547
1643777186095625.0,0.015564999999999999,0.01555
1643777252212600.0,0.01557,0.01555
1643777301148000.0,0.01557,0.01555
1643777371359750.0,0.01557,0.01555
1643777433685833.2,0.01557,0.01555
1643777494188250.0,0.01557,0.01555
1643777545952500.0,0.01557,0.01555
1643777588706785.8,0.015592142857142856,0.015567857142857144
1643777681897250.0,0.01560875,0.01558
1643777717765750.0,0.01562,0.015592499999999999
1643777806988000.0,0.015593333333333332,0.015570666666666667
1643777854492812.5,0.015585625,0.0155625
1643777902461272.8,0.015585454545454546,0.015560000000000001
1643777965033750.0,0.01556,0.01554
1643778033788857.2,0.015558571428571427,0.01554
1643778086034666.8,0.01556,0.01554
1643778175547000.0,0.01556,0.01554
1643778202514461.5,0.01556846153846154,0.015543076923076922
1643778252535142.8,0.01558142857142857,0.015557857142857142
1643778341893500.0,0.015585,0.015565
1643778395647222.2,0.01559,0.01557
1643778453207800.0,0.015589999999999998,0.015574
1643778511518750.0,0.015592499999999999,0.0155725
1643778568067600.0,0.015594,0.01557
1643778623642833.2,0.01559,0.01557
1643778701716500.0,0.01559,0.01557
1643778745089750.0,0.01559,0.0155725
1643778834335800.0,0.015527,0.015499000000000002
1643778866639625.0,0.01551,0.01549625
1643778920518058.8,0.015532352941176471,0.015511764705882352
1643779004997000.0,0.0155175,0.0155
1643779035324875.0,0.01552,0.015502499999999999
1643779100547181.8,0.01552,0.015501818181818183
1643779172696000.0,0.01552,0.0155
1643779233235583.2,0.0155275,0.0155075
1643779287939310.2,0.0155,0.015478275862068964
1643779342867000.0,0.015494347826086958,0.01547521739130435
1643779414140846.2,0.015507692307692307,0.015483076923076924
1643779468158933.2,0.01551,0.015482666666666667
1643779531218875.0,0.01551,0.01548
1643779606169625.0,0.01551,0.01548
1643779652350142.8,0.01551,0.015480000000000002
1643779723920272.8,0.015509999999999998,0.01548
1643779767092250.0,0.015510000000000001,0.01548
1643779820844000.0,0.015510000000000001,0.01548
1643779886517653.8,0.015522307692307693,0.015503076923076923
1643779946825142.8,0.015503571428571427,0.015480714285714287
1643780006019000.0,0.0155,0.015480833333333334
1643780059968363.8,0.015499999999999998,0.01548
1643780121076642.8,0.015502857142857143,0.015482142857142858
1643780188661166.8,0.015510000000000001,0.015489999999999999
1643780249412100.0,0.015522,0.015508
1643780311857166.8,0.01553,0.015510000000000001
1643780370540142.8,0.01553,0.01551
1643780445928220.2,0.0155684,0.015549
1643780482457100.0,0.015637933333333333,0.0156178
1643780553866736.8,0.015539473684210527,0.015521228070175438
1643780616787250.0,0.0155125,0.015497499999999999
1643780661568333.2,0.0155,0.015489999999999999
1643780735421545.5,0.015512727272727272,0.015499999999999998
1643780790619329.0,0.015514246575342467,0.015503972602739727
1643780848488200.0,0.015514,0.015501999999999998
1643780905918300.0,0.01552,0.0155
1643780957114000.0,0.015514,0.015493999999999999
1643781035845750.0,0.0155175,0.01549625
1643781078450571.5,0.015511785714285714,0.0155
1643781149134210.5,0.01552,0.015502105263157895
1643781195926535.8,0.01552,0.015508571428571427
1643781270603389.0,0.015521111111111112,0.015501666666666667
1643781327689600.0,0.01552,0.0155
1643781390522400.0,0.01552,0.0155
1643781454944162.8,0.01563891472868217,0.015619457364341085
1643781499861422.0,0.015641009174311927,0.01562532110091743
1643781577419916.8,0.015618333333333333,0.015605
1643781629940714.2,0.015626428571428572,0.015607142857142858
1643781700203555.5,0.015617777777777779,0.015600555555555555
1643781740838619.0,0.015580952380952381,0.015568571428571428
1643781807626913.0,0.015576521739130435,0.01556
1643781868403083.2,0.015579166666666667,0.015561666666666666
1643781932641769.2,0.015585,0.015567692307692308
1643781984274875.0,0.01558,0.01556
1643782048534523.8,0.015575238095238095,0.015560952380952378
1643782090704636.2,0.01559181818181818,0.01557
1643782154333800.0,0.0156,0.01557
1643782231613000.0,0.015599999999999998,0.01557
1643782280637000.0,0.0156,0.01557
1643782360871357.2,0.0156,0.01557
1643782416806000.0,0.0156,0.0155725
1643782463690944.5,0.015605555555555555,0.015582222222222223
1643782550339333.2,0.01561,0.015580000000000002
1643782593930176.5,0.015607058823529411,0.01559
1643782653563000.0,0.01561,0.015596249999999999
1643782707113900.0,0.015610000000000002,0.015589999999999998
1643782767113428.5,0.01561,0.015590000000000001
1643782841268550.0,0.015628,0.0156055
1643782884794166.8,0.01565,0.015624166666666668
1643782950330692.2,0.015644615384615385,0.01562846153846154
1643783024065250.0,0.01564,0.01562
1643783089958181.8,0.015634545454545457,0.01561818181818182
1643783123984666.8,0.01563814814814815,0.015615555555555556
1643783194081400.0,0.015632666666666666,0.015610666666666667
1643783248788800.0,0.015616,0.015595999999999999
1643783301285900.0,0.01562,0.015589999999999998
1643783351519250.0,0.01562,0.01559
1643783438587750.0,0.01562,0.01559125
1643783476727666.8,0.015634444444444444,0.015615555555555556
1643783551121153.8,0.015633076923076923,0.015619999999999998
1643783608503545.5,0.01563,0.015613636363636364
1643783673714000.0,0.01563,0.015613333333333333
1643783727864243.2,0.015589189189189188,0.015572162162162161
1643783772331375.0,0.015551249999999999,0.01554
1643783855364000.0,0.015556,0.015541
1643783914896666.8,0.01556,0.015540000000000002
1643783978248846.2,0.015559230769230768,0.015539230769230769
1643784045186091.0,0.015566818181818182,0.015545000000000002
1643784091804555.5,0.015580000000000002,0.01556
1643784143552000.0,0.015558461538461538,0.015543076923076922
1643784217799628.0,0.015516046511627909,0.015499302325581395
1643784273554928.5,0.015499047619047619,0.015478095238095239
1643784337715794.8,0.015535384615384614,0.015514871794871793
1643784387250500.2,0.015573260869565217,0.015553913043478262
1643784450857933.2,0.0156,0.015580666666666666
1643784501761370.2,0.015573703703703704,0.01555148148148148
1643784577006933.2,0.015562666666666666,0.015544666666666667
1643784619176350.0,0.0155425,0.0155235
1643784691233170.8,0.015547073170731706,0.015526585365853659
1643784744719052.8,0.015540000000000002,0.01552
1643784808413473.8,0.015540000000000002,0.015522105263157896
1643784869299142.8,0.015535714285714286,0.01551
1643784932471000.0,0.015540000000000002,0.01551
1643784986978000.0,0.01554,0.015510000000000001
1643785042927400.0,0.015540000000000002,0.015514
1643785117008896.5,0.015561379310344828,0.015539310344827586
1643785172819250.0,0.01557,0.015555
1643785221737000.0,0.015569375,0.0155525
1643785287435210.5,0.015565263157894737,0.01555
1643785354619153.8,0.015545384615384615,0.01552346153846154
1643785403435818.2,0.01553,0.015509999999999998
1643785477337400.0,0.015529333333333334,0.01551
1643785521493230.8,0.01553,0.01551
1643785571993541.8,0.015549583333333334,0.015529166666666669
1643785658769555.5,0.015546111111111113,0.015527222222222224
1643785713766300.0,0.015529999999999999,0.01551
1643785771903846.2,0.015535384615384616,0.01551
1643785836417100.0,0.015531,0.015508
1643785903131666.8,0.015523333333333333,0.015506666666666667
1643785963461500.0,0.01553,0.01551
1643786018526062.5,0.015522500000000002,0.015502499999999999
1643786056928400.0,0.01552,0.0155
1643786146883923.0,0.015534615384615385,0.015516153846153846
1643786197888400.0,0.01555,0.015525
1643786251422470.5,0.015525294117647059,0.015508235294117646
1643786297527916.8,0.01552,0.0155
1643786355278200.0,0.015514,0.0155
1643786444860000.0,0.015517692307692309,0.015504615384615384
1643786496873200.0,0.01552,0.01551
1643786549627000.0,0.015523333333333333,0.015510000000000001
1643786619165400.0,0.015529999999999999,0.015515000000000001
1643786656886571.5,0.01553857142857143,0.015525714285714285
1643786721347571.5,0.01554,0.01553
1643786800289000.0,0.015545,0.015535
1643786843304333.2,0.01555,0.015530666666666667
1643786911169625.0,0.01555,0.01553
1643786965973000.0,0.01555,0.015535714285714286
1643787047335400.0,0.01555,0.015529999999999999
1643787094546166.8,0.01555,0.01553
1643787144239307.8,0.01555,0.01553076923076923
1643787192766800.0,0.01555,0.015529999999999999
1643787264923200.0,0.01555,0.015529999999999999
1643787337060333.2,0.01555,0.01553
1643787411999000.0,0.01555,0.01553
1643787451801181.8,0.015543636363636364,0.01553
1643787510949666.8,0.015535,0.015521666666666668
1643787557673500.0,0.01553,0.01551
1643787618180176.5,0.015538823529411765,0.015510000000000001
1643787681336333.2,0.01553,0.015510000000000001
1643787751733300.0,0.015529999999999999,0.01551
1643787817818333.2,0.01553,0.01551
1643787877033000.0,0.015518095238095239,0.015506666666666665
1643787922488153.8,0.015503076923076923,0.015486923076923077
1643787993205818.2,0.015498181818181817,0.01548
1643788053658040.0,0.0155,0.01548
1643788109424777.8,0.015500000000000002,0.015472777777777776
1643788170099375.0,0.0155,0.01547
1643788233914560.0,0.0155,0.01547
1643788291671125.0,0.0155,0.01547
1643788350625871.8,0.015494615384615384,0.015473846153846154
1643788417752919.0,0.01549,0.01548
1643788478944260.8,0.015490000000000002,0.01548
1643788531323389.0,0.015492777777777779,0.01548
1643788580753000.0,0.015562121212121211,0.015539696969696969
1643788644434500.0,0.01557,0.01554
1643788723380461.5,0.015534615384615386,0.015513846153846154
1643788763752250.0,0.01553,0.01551
1643788833874142.8,0.01550809523809524,0.01549095238095238
1643788891548000.0,0.015511666666666667,0.015493333333333333
1643788958425548.5,0.015525483870967742,0.015510000000000001
1643789006381444.5,0.015561111111111112,0.015540555555555554
1643789077866200.0,0.01558,0.015557999999999999
1643789116661500.0,0.015580000000000002,0.01556
1643789191381062.5,0.01558,0.01556
1643789254984363.8,0.01558,0.015559999999999997
1643789298419266.8,0.015563333333333334,0.015542666666666666
1643789371369000.0,0.01555,0.01553
1643789428954304.2,0.015549999999999998,0.01553
1643789476472125.0,0.01555,0.01553
1643789546932210.5,0.015555263157894735,0.015540000000000002
