timestamp_x,ask_price,bid_price
1654041624588502.2,0.9997,0.9996000000000002
1654041687372699.5,0.9997,0.9996
1654041746963070.0,0.9997,0.9996
1654041804160105.2,0.9997,0.9996000000000002
1654041875344349.0,0.9997,0.9996000000000002
1654041927608874.8,0.9997000000000001,0.9996000000000002
1654041993380114.8,0.9997,0.9995999999999999
1654042061390002.5,0.9997,0.9996000000000002
1654042132280531.0,0.9996921875,0.9995703125000001
1654042153393042.8,0.9996870967741935,0.999558064516129
1654042217821575.8,0.9997,0.9995999999999999
1654042279489605.8,0.9997,0.9995999999999999
1654042346007548.5,0.9997,0.9996
1654042399850075.5,0.9997,0.9996
1654042480274302.2,0.9997,0.999546153846154
1654042526162204.0,0.9996928571428573,0.9995285714285715
1654042584215079.5,0.9996957446808511,0.9995297872340426
1654042641844289.8,0.9996939393939394,0.9995575757575758
1654042710391066.5,0.9997,0.9995800000000001
1654042786836080.2,0.9997,0.99955
1654042830220060.8,0.9996892857142858,0.9995714285714286
1654042895683892.0,0.9997,0.9995812500000001
1654042956107223.8,0.9997,0.9995999999999999
1654043020674113.8,0.9997,0.9995999999999999
1654043074550978.5,0.9997000000000001,0.9996000000000002
1654043127782245.8,0.9997,0.9996000000000002
1654043178910706.5,0.9997,0.9996000000000002
1654043243178893.2,0.9997000000000001,0.9996000000000002
1654043302992230.0,0.9997,0.9996
1654043355493140.8,0.9997,0.9996
1654043419273238.5,0.9997,0.9996
1654043487650734.0,0.9997,0.9996
1654043546806516.0,0.9997,0.9995999999999999
1654043606635892.0,0.9997,0.9996
1654043665388557.2,0.9997,0.9996
1654043727553695.5,0.9997,0.9996000000000002
1654043785948876.5,0.9997,0.9996
1654043850913063.2,0.9997,0.9996
1654043909774925.8,0.9997,0.9996000000000002
1654043971019358.5,0.9997,0.9995999999999999
1654044032368141.5,0.9997,0.9996
1654044092447908.2,0.9997,0.9996000000000002
1654044151449085.8,0.9997,0.9995999999999999
1654044213141087.2,0.9997,0.9995999999999999
1654044277607017.8,0.9997,0.9995999999999999
1654044328610001.5,0.9997,0.9996
1654044396493212.0,0.9997,0.9996000000000002
1654044444000298.2,0.9997000000000001,0.9996000000000002
1654044511551887.2,0.9997,0.9996
1654044581431260.8,0.9997000000000001,0.9996000000000002
1654044636972881.0,0.9997,0.9996000000000002
1654044698709777.0,0.9997,0.9996000000000002
1654044762723906.2,0.9997,0.9995999999999999
1654044818720655.8,0.9997000000000001,0.9996
1654044879327919.2,0.9997,0.9995999999999999
1654044940782092.8,0.9997,0.9996
1654044976381907.5,0.9997000000000001,0.9996000000000002
1654045048344372.2,0.9997,0.9996
1654045095172851.5,0.9997,0.9996
1654045146448161.5,0.9997,0.9996
1654045228175541.8,0.9997,0.9996
1654045270466884.8,0.9997000000000001,0.9996000000000002
1654045351799885.8,0.9997,0.9996
1654045404173971.0,0.9997,0.9995999999999999
1654045465394892.5,0.9997,0.9996
1654045517693274.5,0.9997,0.9996
1654045568589511.0,0.9997,0.9996
1654045635251262.5,0.9997,0.9995999999999999
1654045694563430.5,0.9997000000000001,0.9996000000000002
1654045753693797.8,0.9996999999999999,0.9996
1654045824992949.8,0.9997,0.9996
1654045883378295.0,0.9997000000000001,0.9996000000000002
1654045949164052.2,0.9997,0.9996
1654046000317797.2,0.9997,0.9995999999999999
1654046073032065.0,0.9997,0.9996
1654046122685723.5,0.9997,0.9995999999999999
1654046186074997.8,0.9997,0.9995999999999999
1654046239555469.5,0.9997,0.9995999999999999
1654046312163990.5,0.9997,0.9995999999999999
1654046363571915.0,0.9997000000000001,0.9996000000000002
1654046420828750.2,0.9997,0.9996
1654046485907258.0,0.9997,0.9996
1654046546232102.8,0.9997,0.9996
1654046610657018.0,0.9997,0.9996
1654046667557794.8,0.9997000000000001,0.9996
1654046726704385.5,0.9997000000000001,0.9996000000000002
1654046791389244.2,0.9997,0.9996000000000002
1654046845579043.0,0.9997,0.9995999999999999
1654046906704789.2,0.9997,0.9996
1654046971123088.2,0.9997,0.9995999999999999
1654047038342772.0,0.9997,0.9996000000000002
1654047089229963.0,0.9997000000000001,0.9996000000000002
1654047148827081.2,0.9997000000000001,0.9996000000000002
1654047218339978.0,0.9997,0.9996
1654047274055225.5,0.9997,0.9996
1654047338157949.5,0.9997,0.9996000000000002
1654047397988296.0,0.9997000000000001,0.9996
1654047453610542.2,0.9997,0.9996000000000002
1654047516580631.0,0.9997,0.9996000000000002
1654047580347315.0,0.9997,0.9996
1654047646595645.0,0.9997,0.9995999999999999
1654047689066978.8,0.9997,0.9996
1654047761672084.2,0.9997000000000001,0.9996
1654047825361528.5,0.9997,0.9996
1654047878175208.5,0.9997,0.9996000000000002
1654047944517944.0,0.9997000000000001,0.9996
1654047996584261.0,0.9997000000000001,0.9996000000000002
1654048052916335.2,0.9997,0.9995999999999999
1654048119419278.8,0.9997,0.9996
1654048181958964.0,0.9997000000000001,0.9996
1654048247204479.2,0.9997,0.9996
1654048307594157.5,0.9997,0.9995999999999999
1654048361527410.2,0.9997000000000001,0.9996
1654048434082391.5,0.9997,0.9996
1654048492539535.5,0.9997,0.9996
1654048547750367.5,0.9997,0.9996000000000002
1654048598702608.5,0.9997,0.9996
1654048640671708.5,0.9997,0.9996
1654048686248648.5,0.9997,0.9996
1654048748239703.5,0.9997,0.9996
1654048823360192.8,0.9997,0.9995999999999999
1654048864557445.8,0.9997000000000001,0.9996000000000002
1654048934932736.0,0.9997,0.9996
1654048987268004.0,0.9997,0.9996
1654049064991734.0,0.9997000000000001,0.9996000000000002
1654049114590001.5,0.9997,0.9996
1654049172628394.0,0.9997000000000001,0.9996000000000002
1654049245191674.5,0.9997,0.9995999999999999
1654049300517510.0,0.9997000000000001,0.9996000000000002
1654049357729607.8,0.9997,0.9996
1654049412565902.8,0.9997000000000001,0.9996
1654049484862577.2,0.9997,0.9996
1654049534358458.8,0.9997,0.9996
1654049611467966.2,0.9997,0.9995999999999999
1654049660267719.0,0.9997,0.9996
1654049727492814.0,0.9997,0.9996
1654049787262770.2,0.9997,0.9996000000000002
1654049844674387.8,0.9997,0.9995999999999999
1654049902477592.5,0.9997,0.9996
1654049959697787.0,0.9997000000000001,0.9996000000000002
1654050029742013.2,0.9997,0.9996000000000002
1654050079244071.0,0.9997,0.9996
1654050144904822.0,0.9997,0.9996
1654050205586914.8,0.9997000000000001,0.9996
1654050258596213.8,0.9997,0.9995999999999999
1654050323408611.0,0.9997,0.9996
1654050389363979.0,0.9997,0.9995999999999999
1654050459574230.8,0.9997,0.9996
1654050511343182.5,0.9997,0.9996
1654050573792566.8,0.9997,0.9996
1654050634992528.8,0.9997,0.9996
1654050693559871.8,0.9997000000000001,0.9996
1654050749976270.0,0.9997,0.9996
1654050815565661.2,0.9997000000000001,0.9996
1654050869080891.0,0.9997,0.9996
1654050927277822.8,0.9997000000000001,0.9996
1654050994509523.5,0.9997,0.9996
1654051054269239.8,0.9997000000000001,0.9996
1654051110591267.5,0.9997,0.9996
1654051177447552.0,0.9997000000000001,0.9996000000000002
1654051241903064.5,0.9997,0.9996
1654051293629031.2,0.9997,0.9995999999999999
1654051345531252.8,0.9997,0.9995999999999999
1654051412925924.5,0.9997,0.9996000000000002
1654051486302537.2,0.9997,0.9996
1654051535251774.8,0.9997000000000001,0.9996
1654051597876281.8,0.9997000000000001,0.9996
1654051662069019.0,0.9997,0.9996
1654051721631243.8,0.9997000000000001,0.9996
1654051782386250.8,0.9997,0.9996
1654051848018564.8,0.9997000000000001,0.9996
1654051890666229.0,0.9997000000000001,0.9996000000000002
1654051959632801.2,0.9997,0.9996
1654052024521603.0,0.9997,0.9996
1654052085506422.2,0.9997,0.9996000000000002
1654052142476499.2,0.9997,0.9995999999999999
1654052206943532.2,0.9997,0.9995999999999999
1654052253776940.5,0.9997,0.9996000000000002
1654052303546474.2,0.9997000000000001,0.9996000000000002
1654052348520359.0,0.9997000000000001,0.9996000000000002
1654052402620456.2,0.9997,0.9996
1654052471867154.8,0.9997000000000001,0.9996000000000002
1654052536364179.2,0.9997,0.9995999999999999
1654052590438469.5,0.9997000000000001,0.9996000000000002
1654052649102912.8,0.9997,0.9995999999999999
1654052716912150.5,0.9997,0.9996
1654052780612804.8,0.9997,0.9995999999999999
1654052843027355.0,0.9997,0.9995999999999999
1654052903638886.8,0.9997,0.9996000000000002
1654052953492546.2,0.9997000000000001,0.9996000000000002
1654053009084773.2,0.9997000000000001,0.9996000000000002
1654053082380193.8,0.9997,0.9995999999999999
1654053133568995.2,0.9997000000000001,0.9996
1654053197285303.2,0.9997,0.9996
1654053255582225.0,0.9997000000000001,0.9996
1654053335961145.8,0.9997,0.9995999999999999
1654053388535371.8,0.9997,0.9995999999999999
1654053447214555.5,0.9997,0.9996
1654053502546260.5,0.9997,0.9996
1654053557654540.5,0.9997,0.9996
1654053627732016.8,0.9997,0.9996
1654053686867111.0,0.9997,0.9996
1654053747428041.0,0.9997,0.9995999999999999
1654053804748840.2,0.9997000000000001,0.9996
1654053866094880.8,0.9997,0.9995999999999999
1654053922577359.5,0.9997000000000001,0.9996000000000002
1654053990440485.0,0.9997,0.9996000000000002
1654054045884558.2,0.9997000000000001,0.9996
1654054106855427.2,0.9997000000000001,0.9996
1654054169168694.5,0.9997,0.9996000000000002
1654054231555402.2,0.9997000000000001,0.9996
1654054292575322.8,0.9997000000000001,0.9996
1654054349967519.8,0.9997,0.9996
1654054416552078.0,0.9997,0.9996
1654054472090806.5,0.9997,0.9995999999999999
1654054528880578.0,0.9997,0.9996
1654054593714987.0,0.9997,0.9995999999999999
1654054653843588.5,0.9997,0.9996
1654054713508667.0,0.9997,0.9996000000000002
1654054775634461.2,0.9997,0.9996
1654054838180731.8,0.9997,0.9996000000000002
1654054902779455.2,0.9997,0.9996
1654054959425255.8,0.9997,0.9995999999999999
1654055015924628.0,0.9997,0.9995999999999999
1654055071166764.5,0.9997000000000001,0.9996000000000002
1654055141817649.2,0.9997,0.9996000000000002
1654055201639734.0,0.9997000000000001,0.9996
1654055265171525.8,0.9997,0.9995999999999999
1654055317461727.8,0.9997,0.9996
1654055379767646.0,0.9997,0.9996
1654055445087654.2,0.9997,0.9996
1654055504391056.0,0.9997000000000001,0.9996000000000002
1654055557704764.5,0.9997,0.9996
1654055618406775.8,0.9997000000000001,0.9996
1654055688129156.8,0.9997,0.9996
1654055739708870.8,0.9997,0.9996000000000002
1654055792836729.8,0.9997,0.9996000000000002
1654055865503488.8,0.9997,0.9996
1654055917679914.8,0.9997000000000001,0.9996000000000002
1654055966708829.0,0.9997,0.9995999999999999
1654056013775060.0,0.9997,0.9996000000000002
1654056071579024.2,0.9997,0.9996
1654056131245660.0,0.9997,0.9996
1654056195503109.8,0.9997,0.9996000000000002
1654056250078893.2,0.9997000000000001,0.9996
1654056313130488.5,0.9997,0.9996
1654056379846721.2,0.9997000000000001,0.9996
1654056431454308.2,0.9997000000000001,0.9996000000000002
1654056490067704.0,0.9997000000000001,0.9996000000000002
1654056551046509.8,0.9997,0.9996000000000002
1654056620850250.0,0.9997000000000001,0.9996
1654056676517920.8,0.9997,0.9996
1654056737657326.2,0.9997,0.9996
1654056794560896.2,0.9997000000000001,0.9996
1654056866872946.5,0.9997,0.9996
1654056929762126.5,0.9997,0.9996
1654056983561855.5,0.9997,0.9996
1654057046080770.0,0.9996999999999999,0.9996
1654057106159002.0,0.9997,0.9996
1654057165849515.5,0.9997,0.9995999999999999
1654057222151537.5,0.9997,0.9995999999999999
1654057283448578.2,0.9997,0.9996
1654057351466087.2,0.9997,0.9996
1654057412981599.8,0.9997,0.9996
1654057457815715.0,0.9997,0.9996000000000002
1654057529463417.0,0.9997000000000001,0.9996000000000002
1654057588563376.2,0.9997000000000001,0.9996
1654057647729869.0,0.9997,0.9996000000000002
1654057711534219.5,0.9997,0.9996000000000002
1654057769546011.8,0.9997000000000001,0.9996
1654057832953252.2,0.9997000000000001,0.9996
1654057894920936.0,0.9997,0.9996
1654057951687155.8,0.9997000000000001,0.9996000000000002
1654058014658744.2,0.9997,0.9996
1654058075482952.8,0.9997,0.9996
1654058137564709.8,0.9997000000000001,0.9996
1654058198574494.2,0.9997000000000001,0.9996000000000002
1654058253921941.5,0.9997,0.9995999999999999
1654058322770040.2,0.9997,0.9995999999999999
1654058378615876.2,0.9997,0.9996000000000002
1654058441571913.0,0.9997000000000001,0.9996
1654058491916804.8,0.9997,0.9996
1654058560640224.2,0.9997,0.9996
1654058621309522.2,0.9997,0.9996
1654058676940123.8,0.9997,0.9995999999999999
1654058750107956.0,0.9997,0.9996
1654058808401919.0,0.9997,0.9996
1654058856149120.5,0.9997,0.9996000000000002
1654058916498648.2,0.9997000000000001,0.9996
1654058981849080.0,0.9997,0.9995999999999999
1654059042125717.5,0.9997,0.9996
1654059108634993.8,0.9997,0.9996
1654059162382044.5,0.9997000000000001,0.9996000000000002
1654059226059131.0,0.9997,0.9996000000000002
1654059282605794.0,0.9997,0.9996
1654059347167875.2,0.9997,0.9995999999999999
1654059407908993.0,0.9997,0.9996
1654059470821920.5,0.9997,0.9996
1654059482711123.8,0.9997,0.9996
1654059549744265.0,0.9997,0.9996
1654059614326378.0,0.9997,0.9996
1654059670716933.8,0.9997,0.9996
1654059727278890.2,0.9997,0.9996
1654059803443337.2,0.9997000000000001,0.9996
1654059845560917.2,0.9997000000000001,0.9996
1654059919428011.8,0.9997,0.9995999999999999
1654059970137086.8,0.9997,0.9996
1654060031502720.5,0.9997,0.9996
1654060096094606.8,0.9997000000000001,0.9996000000000002
1654060165563155.8,0.9997,0.9996000000000002
1654060212846529.8,0.9997000000000001,0.9996000000000002
1654060276077511.0,0.9997000000000001,0.9996
1654060337657405.5,0.9997,0.9996
1654060403309828.2,0.9997,0.9995999999999999
1654060456979991.0,0.9997,0.9995999999999999
1654060527251037.0,0.9997,0.9995999999999999
1654060578831581.2,0.9997000000000001,0.9996000000000002
1654060649550536.2,0.9997,0.9995999999999999
1654060703272951.5,0.9997,0.9996
1654060768475650.5,0.9997,0.9996
1654060827535997.5,0.9997,0.9996
1654060885226025.0,0.9997,0.9995999999999999
1654060949473152.8,0.9996999999999999,0.9996
1654061000317847.0,0.9997,0.9995999999999999
1654061069009008.0,0.9997,0.9996
1654061137112297.2,0.9997,0.9996
1654061178379761.2,0.9997000000000001,0.9996
1654061254974435.8,0.9997000000000001,0.9996
1654061308760721.2,0.9997,0.9996
1654061374573493.5,0.9997,0.9996
1654061429322478.2,0.9997,0.9996
1654061493394803.8,0.9997,0.9996
1654061553518646.8,0.9997000000000001,0.9996000000000002
1654061609964977.0,0.9997,0.9995999999999999
1654061676539053.5,0.9997,0.9996
1654061728797055.0,0.9997000000000001,0.9996000000000002
1654061802460355.5,0.9997,0.9996000000000002
1654061864040192.8,0.9997000000000001,0.9996
1654061922238572.8,0.9997,0.9995999999999999
1654061980037738.0,0.9997,0.9996
1654062028547127.5,0.9997,0.9996
1654062095656036.2,0.9997,0.9996
1654062158493156.0,0.9997,0.9996
1654062227838124.5,0.9997,0.9996
1654062272942643.0,0.9997,0.9995999999999999
1654062337491883.2,0.9997,0.9996
1654062400917489.0,0.9997,0.9995999999999999
1654062466346198.0,0.9997000000000001,0.9996
1654062528826720.2,0.9997,0.9996000000000002
1654062577770970.8,0.9997,0.9996
1654062638784704.5,0.9997,0.9996
1654062703760240.5,0.9997,0.9996
1654062756142180.2,0.9997,0.9996000000000002
1654062832945649.2,0.9997,0.9996
1654062883669218.5,0.9997,0.9995999999999999
1654062936486192.2,0.9997,0.9995999999999999
1654063017565630.8,0.9997000000000001,0.9996
1654063066902033.8,0.9997000000000001,0.9996000000000002
1654063104362933.0,0.9997000000000001,0.9996
1654063153814179.2,0.9997000000000001,0.9996
1654063204900857.0,0.9997000000000001,0.9996000000000002
1654063270121757.5,0.9997,0.9996
1654063328882370.2,0.9997,0.9996
1654063390304609.5,0.9997,0.9996
1654063444567641.2,0.9997000000000001,0.9996
1654063518457781.8,0.9997000000000001,0.9996
1654063575001646.5,0.9997,0.9996
1654063641865194.2,0.9997000000000001,0.9996
1654063700309179.0,0.9997000000000001,0.9996
1654063754966302.0,0.9997,0.9996
1654063813427409.0,0.9997000000000001,0.9996000000000002
1654063883783361.5,0.9997,0.9995999999999999
1654063935886670.5,0.9997,0.9995999999999999
1654063990904940.2,0.9997000000000001,0.9996000000000002
1654064060947733.8,0.9997,0.9996
1654064116020309.0,0.9997,0.9996
1654064174861337.8,0.9997,0.9996
1654064246833280.5,0.9997,0.9996
1654064303109772.2,0.9997,0.9996
1654064377485671.8,0.9997000000000001,0.9996
1654064424635888.2,0.9997000000000001,0.9996
1654064492970788.5,0.9997,0.9996
1654064536897230.8,0.9997000000000001,0.9996
1654064595357869.5,0.9997,0.9996
1654064653737304.8,0.9997,0.9996
1654064741383018.8,0.9997,0.9996
1654064795414361.8,0.9997000000000001,0.9996
1654064911416530.0,0.9997,0.9996
1654064958883533.8,0.9997000000000001,0.9996000000000002
1654065032712510.8,0.9996999999999999,0.9996
1654065095232186.5,0.9997,0.9996
1654065154480994.5,0.9997,0.9996
1654065214734916.0,0.9997,0.9996
1654065276455852.0,0.9997,0.9996
1654065313957427.5,0.9997,0.9996
1654065461727523.5,0.9997000000000001,0.9996000000000002
1654065505146265.5,0.9997,0.9996
1654065558837849.2,0.9997000000000001,0.9996
1654065620312902.0,0.9997,0.9996
1654065701553849.0,0.9997,0.9996
1654065747260611.5,0.9997,0.9996
1654065809620493.0,0.9997,0.9996
1654065862086766.8,0.9997000000000001,0.9996
1654065936098288.0,0.9997,0.9996
1654065980065688.2,0.9997000000000001,0.9996
1654066038338871.0,0.9997000000000001,0.9996
1654066109912194.5,0.9997,0.9996
1654066167562596.5,0.9997,0.9996
1654066233813036.8,0.9997,0.9996
1654066297798897.2,0.9997,0.9996
1654066345679544.0,0.9997,0.9996
1654066427753526.8,0.9997000000000001,0.9996
1654066464609317.8,0.9997,0.9996
1654066533662645.8,0.9997,0.9996
1654066591858792.8,0.9997,0.9995999999999999
1654066656239898.2,0.9997,0.9996
1654066717793858.2,0.9997,0.9996
1654066775543909.0,0.9997000000000001,0.9996
1654066838098354.2,0.9997000000000001,0.9996000000000002
1654066865355708.0,0.9997000000000001,0.9996
1654066944615496.5,0.9997,0.9996
1654067019332722.0,0.9997,0.9996
1654067138630874.8,0.9996999999999999,0.9996000000000002
1654067176357673.5,0.9997,0.9996
1654067250035401.0,0.9997,0.9996
1654067382927644.0,0.9997,0.9996
1654067420063581.0,0.9997,0.9996
1654067485342857.8,0.9997,0.9996
1654067544894390.8,0.9997000000000001,0.9996
1654067610165728.0,0.9997,0.9996
1654067660175157.8,0.9997,0.9996
1654067737221317.0,0.9997,0.9996
1654067777555557.5,0.9997,0.9996
1654067848796296.2,0.9997,0.9996
1654067912351912.8,0.9997,0.9996
1654067969922034.2,0.9997,0.9996
1654068017669402.5,0.9997000000000001,0.9996000000000002
1654068085984443.8,0.9997000000000001,0.9996
1654068165152234.0,0.9997,0.9996
1654068203502492.0,0.9997,0.9996
1654068269708537.0,0.9997,0.9996
1654068341054872.0,0.9997,0.9996
1654068385487250.5,0.9997000000000001,0.9996000000000002
1654068443744907.0,0.9997,0.9995999999999999
1654068483059975.0,0.9997,0.9996
1654068569345630.0,0.9997000000000001,0.9996
1654068640047688.5,0.9997,0.9996
1654068708574846.0,0.9997,0.9996
1654068757496273.5,0.9997,0.9996
1654068808059074.0,0.9997,0.9996
1654068884430213.8,0.9997,0.9996
1654068931017111.2,0.9997000000000001,0.9996
1654069005132261.0,0.9997,0.9996
1654069046298734.0,0.9997,0.9996
1654069091528320.5,0.9997,0.9996
1654069147584725.5,0.9997,0.9996
1654069248544650.8,0.9997,0.9996
1654069286175202.8,0.9997,0.9996
1654069346279559.8,0.9997,0.9996
1654069410404805.0,0.9997,0.9996
1654069480299581.0,0.9997,0.9996
1654069545718157.5,0.9997,0.9995999999999999
1654069589978513.8,0.9997000000000001,0.9996000000000002
1654069658963691.5,0.9997,0.9996
1654069691208077.2,0.9997000000000001,0.9996000000000002
1654069765358828.2,0.9997000000000001,0.9996
1654069826308192.8,0.9997000000000001,0.9996
1654069881431265.8,0.9997,0.9996000000000002
1654069952765877.2,0.9997,0.9996
1654069999059644.5,0.9997000000000001,0.9996000000000002
1654070082955981.8,0.9997000000000001,0.9996
1654070146375122.2,0.9997,0.9996
1654070185473337.2,0.9997,0.9996
1654070239933454.0,0.9997000000000001,0.9996
1654070304354658.0,0.9997,0.9996
1654070363976654.5,0.9997,0.9996
1654070432836641.2,0.9997000000000001,0.9996
1654070495091600.0,0.9997,0.9996
1654070544615954.0,0.9997,0.9996
1654070622331190.5,0.9997,0.9996
1654070671135122.2,0.9997,0.9996
1654070724107556.0,0.9997,0.9996
1654070789855715.2,0.9997,0.9996
1654070853842942.2,0.9997,0.9996
1654070899098719.0,0.9997,0.9996
1654070962785689.0,0.9997,0.9996
1654071035902057.5,0.9997,0.9996
1654071087257932.0,0.9997,0.9996
1654071151722722.5,0.9997,0.9996
1654071198565809.0,0.9997,0.9996
1654071266920475.5,0.9997,0.9996
1654071334558093.0,0.9997,0.9996
1654071380416972.5,0.9997,0.9996
1654071462426277.2,0.9997000000000001,0.9996
1654071504427517.5,0.9997,0.9996
1654071550267498.0,0.9997000000000001,0.9996
1654071629214699.0,0.9997,0.9996
1654071699000448.5,0.9997,0.9996
1654071774555972.5,0.9997,0.9996
1654071802295698.0,0.9997,0.9996
1654072003041156.5,0.9997,0.9996
1654072068257772.2,0.9997,0.9996
1654072110191022.0,0.9997,0.9996
1654072165981588.2,0.9997,0.9996
1654072229384870.2,0.9997000000000001,0.9996000000000002
1654072276681194.8,0.9997,0.9996
1654072331573371.8,0.9997,0.9996
1654072393076768.8,0.9997000000000001,0.9996
1654072499907108.0,0.9997,0.9996
1654072597348549.8,0.9997000000000001,0.9996
1654072655037506.5,0.9997,0.9996
1654072696146341.2,0.9997,0.9996
1654072787639410.0,0.9997,0.9996
1654072829922975.8,0.9997000000000001,0.9996
1654072872965129.2,0.9997000000000001,0.9996
1654072945318847.0,0.9997000000000001,0.9996
1654073000681992.2,0.9997,0.9996
1654073133838909.8,0.9997,0.9996
1654073190404130.2,0.9997000000000001,0.9996
1654073233776641.5,0.9997,0.9996
1654073298978800.5,0.9997,0.9996
1654073428004841.5,0.9997,0.9996
1654073489842682.8,0.9997000000000001,0.9996
1654073547349246.5,0.9997,0.9996
1654073610193011.0,0.9997,0.9996
1654073675260355.5,0.9997,0.9996
1654073721089737.2,0.9997000000000001,0.9996
1654073786283380.2,0.9997,0.9996
1654073850498126.2,0.9997,0.9996
1654073917389009.8,0.9997000000000001,0.9996
1654073972955410.5,0.9997,0.9996
1654074101810685.2,0.9997,0.9996
1654074168557178.0,0.9997,0.9996
1654074213083940.0,0.9997000000000001,0.9996
1654074265896435.8,0.9997,0.9996
1654074318478162.0,0.9997,0.9996
1654074396123062.5,0.9997,0.9996
1654074464560626.0,0.9997,0.9996
1654074529109994.0,0.9997000000000001,0.9996
1654074576425882.0,0.9997000000000001,0.9996
1654074624669543.2,0.9997000000000001,0.9996
1654074678513095.8,0.9997000000000001,0.9996
1654074747530825.0,0.9997,0.9996
1654074797997985.5,0.9997,0.9996
1654074888833699.8,0.9997000000000001,0.9996
1654074998747076.5,0.9997,0.9996
1654075063035578.2,0.9997,0.9996
1654075117706016.2,0.9997,0.9996
1654075157981304.0,0.9997,0.9996
1654075229312355.2,0.9997000000000001,0.9996
1654075285124811.2,0.9997,0.9996
1654075354743450.2,0.9997,0.9996
1654075407501775.5,0.9997,0.9996
1654075479973814.8,0.9997000000000001,0.9996
1654075542858742.5,0.9997,0.9996
1654075598065618.0,0.9997,0.9996
1654075636802963.5,0.9997,0.9996
1654075714018061.5,0.9997,0.9996
1654075751170719.8,0.9997,0.9995999999999999
1654075826505803.2,0.9997,0.9996
1654075886973807.5,0.9997,0.9996
1654075949376012.5,0.9997,0.9996
1654076004852086.2,0.9997000000000001,0.9996000000000002
1654076065815979.2,0.9997000000000001,0.9996000000000002
1654076124330142.2,0.9997,0.9996
1654076200776644.0,0.9997,0.9996
1654076243771288.0,0.9997,0.9996
1654076303861352.8,0.9997000000000001,0.9996000000000002
1654076370159660.2,0.9997,0.9996
1654076489114781.2,0.9997,0.9996
1654076561240208.0,0.9997000000000001,0.9996
1654076615052797.2,0.9997000000000001,0.9996
1654076668578862.2,0.9997,0.9996
1654076742076879.0,0.9997,0.9996
1654076791715028.2,0.9997,0.9996
1654076851598762.0,0.9997000000000001,0.9996
1654076908274811.8,0.9997,0.9996
1654076966668262.5,0.9997,0.9996
1654077019654894.5,0.9997,0.9996
1654077107052436.8,0.9997000000000001,0.9996
1654077177573686.0,0.9997,0.9996
1654077217500033.2,0.9997000000000001,0.9996
1654077257243424.0,0.9997,0.9996
1654077331931230.0,0.9997,0.9996
1654077405235046.2,0.9997000000000001,0.9996
1654077454966174.2,0.9997,0.9996
1654077504008588.0,0.9997,0.9996
1654077562772992.5,0.9997,0.9996
1654077604457530.8,0.9997000000000001,0.9996
1654077691398813.2,0.9997,0.9996
1654077755681697.0,0.9997,0.9996
1654077806762791.8,0.9997000000000001,0.9996000000000002
1654077868443971.5,0.9997,0.9996
1654077947325552.2,0.9997,0.9996
1654078000978591.8,0.9997000000000001,0.9996
1654078049000986.8,0.9997,0.9996
1654078093715071.5,0.9997,0.9996
1654078168043039.5,0.9997,0.9996
1654078231791046.5,0.9997,0.9996
1654078301348984.5,0.9997,0.9996
1654078352993847.0,0.9997,0.9996
1654078413965774.2,0.9997,0.9996
1654078467805916.5,0.9997000000000001,0.9996000000000002
1654078512482241.0,0.9997,0.9996
1654078597605450.8,0.9997,0.9996
1654078639913357.5,0.9997,0.9996
1654078704646162.0,0.9997000000000001,0.9996
1654078756581554.2,0.9997000000000001,0.9996
1654078812170253.8,0.9997,0.9996
1654078886977974.2,0.9997,0.9996
1654078963586870.2,0.9997,0.9996
1654079008128145.8,0.9997,0.9996
1654079077355023.2,0.9997000000000001,0.9996
1654079144127702.8,0.9997000000000001,0.9996000000000002
1654079185482802.2,0.9997,0.9996
1654079242102720.0,0.9997,0.9996
1654079311467433.0,0.9997,0.9996
1654079368729897.8,0.9997000000000001,0.9996
1654079409757948.0,0.9997000000000001,0.9996
1654079471221077.0,0.9997,0.9996
1654079561213872.8,0.9997,0.9995999999999999
1654079609170825.8,0.9996999999999999,0.9996
1654079661096792.5,0.9997,0.9996
1654079731571355.0,0.9997000000000001,0.9996000000000002
1654079788808763.0,0.9997,0.9996
1654079861633402.8,0.9997,0.9996
1654079915787213.5,0.9997,0.9996
1654079962250021.2,0.9997000000000001,0.9996
1654080015251385.0,0.9997,0.9996
1654080094707984.8,0.9997,0.9995999999999999
1654080155472025.2,0.9997000000000001,0.9996000000000002
1654080192093942.5,0.9997,0.9995999999999999
1654080266506604.8,0.9997000000000001,0.9996
1654080347839135.0,0.9997,0.9996
1654080382598353.8,0.9997,0.9996
1654080442889639.0,0.9997,0.9996
1654080534566502.0,0.9997,0.9996
1654080585050484.0,0.9997,0.9996
1654080613141061.8,0.9997000000000001,0.9996
1654080680074976.8,0.9997000000000001,0.9996
1654080736966832.0,0.9997,0.9996
1654080803664330.0,0.9997000000000001,0.9996
1654080859394660.2,0.9997,0.9996
1654080939579969.8,0.9997,0.9996
1654080986108377.0,0.9997000000000001,0.9996
1654081038133752.8,0.9997000000000001,0.9996
1654081105367405.5,0.9997,0.9996
1654081170252490.2,0.9997000000000001,0.9996000000000002
1654081200912930.0,0.9997,0.9996
1654081275268650.0,0.9997,0.9996
1654081345708480.5,0.9997,0.9996
1654081412197151.2,0.9997000000000001,0.9996
1654081484574340.0,0.9997000000000001,0.9996
1654081535889060.0,0.9997,0.9996
1654081596498756.5,0.9997000000000001,0.9996000000000002
1654081648220347.2,0.9997000000000001,0.9996
1654081699775711.0,0.9996999999999999,0.9996
1654081778175272.5,0.9997000000000001,0.9996000000000002
1654081832687276.8,0.9997000000000001,0.9996
1654081910020432.0,0.9997,0.9996
1654081947107465.5,0.9997,0.9996
1654082021115149.2,0.9997000000000001,0.9996
1654082081263341.5,0.9997,0.9996
1654082122491193.2,0.9997000000000001,0.9996
1654082179556722.8,0.9997000000000001,0.9996
1654082240095981.0,0.9997,0.9996
1654082313326432.5,0.9997,0.9996
1654082373985180.8,0.9997,0.9996
1654082433415300.0,0.9997000000000001,0.9996
1654082498269678.2,0.9997000000000001,0.9996
1654082554713452.2,0.9997,0.9996
1654082622470540.8,0.9997000000000001,0.9996
1654082665905608.2,0.9997,0.9996
1654082737435518.2,0.9997,0.9996
1654082797214286.0,0.9997,0.9996
1654082856038706.8,0.9997000000000001,0.9996
1654082912450352.2,0.9997000000000001,0.9996000000000002
1654082983695221.2,0.9997000000000001,0.9996
1654083033083738.2,0.9997000000000001,0.9996
1654083097100001.2,0.9997000000000001,0.9996
1654083148797956.8,0.9997,0.9996
1654083205728626.2,0.9997,0.9996
1654083271273864.8,0.9997000000000001,0.9996
1654083332623259.0,0.9997,0.9996
1654083397646460.8,0.9997000000000001,0.9996
1654083457702666.8,0.9997000000000001,0.9996000000000002
1654083506889165.2,0.9997000000000001,0.9996
1654083583051143.2,0.9997,0.9996
1654083623112965.2,0.9997,0.9996
1654083685015268.0,0.9997000000000001,0.9996
1654083744161149.0,0.9997000000000001,0.9996
1654083804271890.2,0.9997,0.9996
1654083871986922.8,0.9997000000000001,0.9996
1654083927753152.0,0.9997000000000001,0.9996
1654084001372871.5,0.9997000000000001,0.9996000000000002
1654084058409471.8,0.9997,0.9996
1654084104053137.8,0.9997,0.9996
1654084168133520.8,0.9997000000000001,0.9996
1654084231115799.0,0.9997,0.9996
1654084303942826.2,0.9997000000000001,0.9996
1654084343916118.8,0.9997,0.9996
1654084412759974.0,0.9997,0.9996
1654084471065088.0,0.9997,0.9996
1654084538352476.0,0.9997,0.9996
1654084661623490.8,0.9997000000000001,0.9996
1654084711378727.5,0.9997,0.9996
1654084769801839.0,0.9997,0.9996
1654084817903801.0,0.9997,0.9996
1654084966133644.8,0.9997000000000001,0.9996
1654085017807041.8,0.9997,0.9996
1654085086351543.0,0.9997,0.9996
1654085102733650.5,0.9997,0.9996
1654085194834271.5,0.9997,0.9996
1654085241518318.8,0.9997000000000001,0.9996000000000002
1654085314942000.0,0.9997000000000001,0.9996
1654085366724740.0,0.9997000000000001,0.9996
1654085437578290.2,0.9997,0.9996
1654085492196835.0,0.9997,0.9996
1654085561411041.0,0.9997,0.9996
1654085635514997.8,0.9997000000000001,0.9996
1654085640098865.0,0.9997,0.9996
1654085718007373.0,0.9997,0.9996
1654085782406121.8,0.9997,0.9996
1654085835820164.8,0.9997,0.9996
1654085920156893.5,0.9997,0.9996
1654085972918994.2,0.9997000000000001,0.9996000000000002
1654086033563659.5,0.9997,0.9996
1654086078623076.8,0.9997000000000001,0.9996
1654086152054548.5,0.9997,0.9996
1654086199553283.0,0.9997,0.9996
1654086268973837.0,0.9997,0.9996
1654086331029385.2,0.9997,0.9996
1654086390622193.0,0.9997,0.9996
1654086454081293.2,0.9997000000000001,0.9996000000000002
1654086508195303.5,0.9997,0.9996
1654086561886667.5,0.9997,0.9996
1654086625310928.2,0.9997,0.9995999999999999
1654086694704323.0,0.9997,0.9996
1654086746817645.8,0.9997000000000001,0.9996000000000002
1654086788580120.2,0.9997000000000001,0.9996
1654086868329369.5,0.9997000000000001,0.9996000000000002
1654086916781962.0,0.9997,0.9996
1654086993248932.8,0.9997,0.9996
1654087040501717.8,0.9997000000000001,0.9996
1654087118258276.0,0.9997,0.9996
1654087162879396.5,0.9997,0.9996
1654087226717211.2,0.9997,0.9995999999999999
1654087291396912.5,0.9997,0.9996
1654087350311241.2,0.9997,0.9996000000000002
1654087405626003.2,0.9997,0.9996
1654087466254891.0,0.9997000000000001,0.9996
1654087537439606.8,0.9997,0.9996
1654087579723297.5,0.9997,0.9996
1654087645397270.2,0.9997000000000001,0.9996
1654087714178394.0,0.9997,0.9996
1654087776827607.8,0.9997,0.9996
1654087832289808.8,0.9997,0.9996
1654087908296334.0,0.9997,0.9996
1654087937208281.0,0.9997000000000001,0.9996
1654088008822246.5,0.9997,0.9996
1654088085739070.0,0.9997000000000001,0.9996
1654088135839121.2,0.9997000000000001,0.9996
1654088179983807.5,0.9997,0.9996
1654088271235106.2,0.9997,0.9996
1654088370835570.0,0.9997,0.9996
1654088419476937.8,0.9997,0.9996
1654088489973249.0,0.9997000000000001,0.9996000000000002
1654088538998860.5,0.9997,0.9996
1654088626509992.5,0.9997,0.9996
1654088665366507.8,0.9997,0.9996
1654088724483539.5,0.9997,0.9996
1654088785951215.0,0.9997000000000001,0.9996
1654088845511169.8,0.9997,0.9996
1654088921028098.8,0.9997000000000001,0.9996
1654088969929513.0,0.9997,0.9996
1654089015864068.2,0.9997,0.9996
1654089093459715.0,0.9997000000000001,0.9996000000000002
1654089154551650.2,0.9997,0.9996
1654089204462288.5,0.9997,0.9996
1654089294861678.0,0.9997,0.9996
1654089328170138.2,0.9997,0.9996
1654089401190602.2,0.9997,0.9996
1654089453242612.5,0.9997,0.9996
1654089511041299.5,0.9997,0.9996
1654089575678421.8,0.9997000000000001,0.9996
1654089635574204.0,0.9997,0.9995999999999999
1654089693755766.0,0.9997000000000001,0.9996
1654089760877773.8,0.9997,0.9996
1654089811879177.2,0.9997000000000001,0.9996
1654089935041575.8,0.9997,0.9996
1654089989334648.5,0.9997,0.9996
1654090055634064.0,0.9997,0.9996
1654090116549318.2,0.9997,0.9995999999999999
1654090172658750.2,0.9997,0.9996000000000002
1654090236135804.2,0.9997,0.9996000000000002
1654090297545785.2,0.9997000000000001,0.9996
1654090350777757.0,0.9997,0.9996
1654090413024267.8,0.9997,0.9996
1654090470428934.8,0.9997,0.9996
1654090528845586.0,0.9997,0.9996
1654090588994311.0,0.9997000000000001,0.9996000000000002
1654090652828741.5,0.9997,0.9995999999999999
1654090710093730.8,0.9997000000000001,0.9996
1654090768007838.8,0.9997,0.9996
1654090818734440.5,0.9997,0.9996
1654090882672306.0,0.9997,0.9996
1654090943174564.8,0.9997000000000001,0.9996000000000002
1654091006342039.8,0.9997,0.9995999999999999
1654091066983415.2,0.9997,0.9996
1654091133894094.5,0.9997,0.9995999999999999
1654091183073990.5,0.9997,0.9995999999999999
1654091258414359.0,0.9997,0.9995999999999999
1654091306353781.0,0.9997,0.9995999999999999
1654091369836689.0,0.9997,0.9996
1654091431297898.5,0.9997,0.9996
1654091476863613.8,0.9997,0.9996000000000002
1654091547346350.5,0.9997,0.9996000000000002
1654091612324329.2,0.9997,0.9996
1654091655646482.0,0.9997,0.9996
1654091731310371.5,0.9997000000000001,0.9996000000000002
1654091788674900.2,0.9997000000000001,0.9996
1654091851906632.8,0.9997,0.9996
1654091910292444.2,0.9997,0.9996
1654091977264053.5,0.9997,0.9996
1654092034006077.5,0.9997,0.9996
1654092091555130.0,0.9997000000000001,0.9996
1654092150651888.5,0.9997,0.9996
1654092193346130.5,0.9997,0.9996
1654092275967080.5,0.9997,0.9996
1654092334597562.5,0.9997000000000001,0.9996000000000002
1654092390720395.0,0.9997,0.9995999999999999
1654092450493928.0,0.9997,0.9996
1654092513279242.5,0.9997,0.9995999999999999
1654092564520096.0,0.9997000000000001,0.9996
1654092633374377.8,0.9997000000000001,0.9996000000000002
1654092701141770.0,0.9997,0.9996
1654092757766489.2,0.9997,0.9996
1654092800337952.0,0.9997000000000001,0.9996
1654092874913875.8,0.9997000000000001,0.9996
1654092936050952.5,0.9997,0.9996000000000002
1654092986922631.5,0.9997,0.9996
1654093052559533.2,0.9997000000000001,0.9996
1654093109041005.0,0.9997000000000001,0.9996
1654093166496740.8,0.9997000000000001,0.9996
1654093232838293.0,0.9997,0.9996
1654093296573072.0,0.9997000000000001,0.9996
1654093362133889.8,0.9997000000000001,0.9996
1654093411930817.0,0.9997000000000001,0.9996
1654093473069508.0,0.9997000000000001,0.9996
1654093522429601.2,0.9997,0.9996
1654093585308878.0,0.9997000000000001,0.9996
1654093651879858.5,0.9997,0.9996
1654093704558843.5,0.9997,0.9996
1654093757939302.0,0.9997,0.9996
1654093831721767.5,0.9997,0.9996
1654093886254101.2,0.9997,0.9996
1654093937107212.2,0.9997,0.9996
1654094016461123.2,0.9997,0.9995999999999999
1654094060552429.0,0.9997526315789473,0.9996192982456141
1654094116694180.2,0.9998000000000001,0.999695
1654094186701020.2,0.9998,0.9997
1654094241316406.8,0.9998,0.9997
1654094300745869.5,0.9997999999999999,0.9997
1654094376815357.8,0.9998,0.9997
1654094418307806.0,0.9998,0.9997000000000001
1654094484960446.2,0.9998,0.9997
1654094548041693.8,0.9998,0.9997
1654094609045553.2,0.9998,0.9997
1654094668250189.5,0.9997999999999999,0.9997
1654094716767517.5,0.9998,0.9997
1654094789698762.5,0.9998,0.9997
1654094848269106.8,0.9998,0.9997000000000001
1654094908556021.2,0.9998,0.9997
1654094971986294.0,0.9998,0.9997000000000001
1654095025851866.8,0.9997999999999999,0.9997
1654095092815096.2,0.9997999999999999,0.9997
1654095151096566.0,0.9998,0.9997
1654095214723858.8,0.9998,0.9997000000000001
1654095279149243.2,0.9998,0.9997
1654095331091103.0,0.9998,0.9997
1654095390092992.8,0.9997999999999999,0.9997
1654095453329887.2,0.9998000000000001,0.9997
1654095519445450.0,0.9998000000000001,0.9996999999999999
1654095564149363.5,0.9998,0.9997000000000001
1654095629515539.5,0.9998,0.9997
1654095692992645.2,0.9997999999999999,0.9997
1654095747868113.8,0.9997999999999999,0.9997
1654095818391291.2,0.9998,0.9997000000000001
1654095885000163.2,0.9997999999999999,0.9997
1654095939973949.2,0.9998,0.9997000000000001
1654096005138399.2,0.9998,0.9997
1654096061293824.2,0.9998,0.9997
1654096112894145.5,0.9998,0.9997
1654096179915129.0,0.9998000000000001,0.9996999999999999
1654096244327948.0,0.9998,0.9997000000000001
1654096306651320.5,0.9998,0.9997
1654096365469359.8,0.9998280898876405,0.9997011235955056
1654096412510916.8,0.9999,0.9997321428571428
1654096464355321.0,0.9998999999999999,0.9997833333333334
1654096526106681.8,0.9999,0.9998
1654096583783924.8,0.9999,0.9998
1654096655242485.5,0.9999,0.9998
1654096711369731.8,0.9999,0.9998
1654096775255760.0,0.9998999999999999,0.9998
1654096822992138.2,0.9999,0.9997999999999999
1654096885048031.8,0.9999,0.9998000000000001
1654096934953057.5,0.9999000000000001,0.9998
1654097010358509.0,0.9999,0.9998
1654097054619558.2,0.9999,0.9998000000000001
1654097124721908.8,0.9999,0.9998
1654097182352828.8,0.9999000000000001,0.9998
1654097242688421.2,0.9999,0.9997999999999999
1654097302177647.0,0.9999,0.9998
1654097370849886.5,0.9999,0.9998
1654097422346817.2,0.9999,0.9998
1654097489457129.2,0.9999,0.9998
1654097550613366.2,0.9999,0.9998
1654097605888720.0,0.9999,0.9998
1654097668826977.2,0.9999,0.9997999999999999
1654097730453234.2,0.9999,0.9998
1654097786536475.5,0.9999,0.9997999999999999
1654097853615519.0,0.9999,0.9998000000000001
1654097911161354.8,0.9999,0.9998000000000001
1654097964348645.5,0.9999,0.9998000000000001
1654098021444344.0,0.9999,0.9997999999999999
1654098088202718.2,0.9999,0.9997999999999999
1654098142032531.2,0.9998999999999999,0.9998
1654098214073198.8,0.9999,0.9998
1654098264459296.2,0.9999,0.9998
1654098335599738.8,0.9999,0.9998
1654098389928067.0,0.9999,0.9998
1654098460561931.2,0.9999,0.9998
1654098518958043.5,0.9999,0.9997999999999999
1654098566414370.2,0.9999,0.9998
1654098636845718.8,0.9999,0.9998
1654098697282934.5,0.9999000000000001,0.9998
1654098760338098.0,0.9999,0.9998000000000001
1654098816550517.0,0.9999,0.9998
1654098867167280.5,0.9999,0.9998
1654098929270350.8,0.9998999999999999,0.9998
1654099004103383.2,0.9999,0.9998
1654099041160319.5,0.9999,0.9998
1654099102567429.0,0.9999,0.9998
1654099170397287.8,0.9999000000000001,0.9998
1654099227028400.2,0.9998999999999999,0.9998
1654099291699793.0,0.9999,0.9998
1654099351289651.2,0.9998999999999999,0.9998
1654099407860159.8,0.9999,0.9997999999999999
1654099469681731.0,0.9999,0.9998
1654099539945995.5,0.9999,0.9998
1654099591805807.8,0.9999,0.9998000000000001
1654099648668766.0,0.9999,0.9998
1654099710623876.8,0.9999,0.9998000000000001
1654099774073996.5,0.9999,0.9998
1654099829951612.2,0.9999000000000001,0.9998
1654099887281276.2,0.9998999999999999,0.9998
1654099943684294.8,0.9999,0.9998
1654100025234051.0,0.9999,0.9998
1654100073427198.5,0.9999,0.9998
1654100140200198.5,0.9999,0.9998
1654100196266326.8,0.9999,0.9998
1654100259660861.5,0.9999000000000001,0.9998
1654100317519273.0,0.9999000000000001,0.9998
1654100380136192.0,0.9999,0.9998
1654100428312350.8,0.9998999999999999,0.9998
1654100496935487.5,0.9999,0.9998
1654100541430206.2,0.9999,0.9998
1654100603043250.0,0.9999,0.9998000000000001
1654100660913774.8,0.9999,0.9998
1654100730209644.0,0.9999000000000001,0.9998
1654100788303328.0,0.9999,0.9998000000000001
1654100847772609.8,0.9999,0.9998
1654100913275982.8,0.9999,0.9998
1654100967329920.0,0.9998999999999999,0.9998
1654101027993052.8,0.9999,0.9998
1654101088751886.5,0.9999,0.9998
1654101142660728.5,0.9999,0.9998
1654101204853419.8,0.9999,0.9998
1654101273406363.5,0.9999,0.9998000000000001
1654101334939751.0,0.9998999999999999,0.9998
1654101388653166.8,0.9999,0.9997999999999999
1654101453523515.2,0.9999,0.9997999999999999
1654101512952566.0,0.9999,0.9998000000000001
1654101567385475.2,0.9999,0.9998000000000001
1654101626565502.0,0.9999,0.9997999999999999
1654101688013422.5,0.9999,0.9998
1654101751533521.5,0.9999,0.9998000000000001
1654101804166137.2,0.9999,0.9998000000000001
1654101863600917.8,0.9999,0.9998
1654101916574256.8,0.9999000000000001,0.9998
1654101988776155.8,0.9999,0.9998000000000001
1654102047208790.0,0.9999,0.9998000000000001
1654102100094521.2,0.9999,0.9998
1654102172141706.0,0.9999,0.9998
1654102227057344.8,0.9999000000000001,0.9998
1654102286750031.2,0.9999,0.9998
1654102341381943.0,0.9999000000000001,0.9998
1654102404708447.5,0.9999,0.9998000000000001
1654102467792204.2,0.9999,0.9998
1654102528151010.8,0.9999,0.9997999999999999
1654102585570002.5,0.9999,0.9998000000000001
1654102644680892.2,0.9999,0.9997999999999999
1654102710984074.8,0.9998999999999999,0.9998
1654102768155608.2,0.9999000000000001,0.9998
1654102832986653.0,0.9999,0.9998000000000001
1654102889304405.5,0.9999,0.9997999999999999
1654102943839593.8,0.9998999999999999,0.9998
1654103011125024.5,0.9999,0.9998
1654103081053895.0,0.9999,0.9998
1654103130651170.5,0.9999,0.9998000000000001
1654103195545463.2,0.9998999999999999,0.9998
1654103252567319.5,0.9999,0.9998
1654103307502135.0,0.9999,0.9998
1654103371692309.0,0.9999,0.9998
1654103425354285.0,0.9999,0.9998
1654103491321273.5,0.9999,0.9998000000000001
1654103554437147.0,0.9999000000000001,0.9998
1654103611675676.8,0.9999,0.9998000000000001
1654103672464754.8,0.9999,0.9998000000000001
1654103739222790.0,0.9999,0.9998
1654103798466364.5,0.9999,0.9998
1654103854777718.2,0.9998999999999999,0.9998000000000001
1654103918713231.8,0.9999,0.9997999999999999
1654103967358778.0,0.9999,0.9998
1654104040330917.5,0.9999000000000001,0.9998
1654104095359829.8,0.9999,0.9998
1654104136624046.8,0.9998999999999999,0.9998
1654104195534524.8,0.9999,0.9997999999999999
1654104259037771.8,0.9999,0.9998
1654104326021270.5,0.9999,0.9998
1654104384051736.2,0.9998999999999999,0.9998
1654104442670418.8,0.9999,0.9998000000000001
1654104501607155.2,0.9999,0.9997999999999999
1654104563990698.2,0.9999,0.9998
1654104619558809.2,0.9999,0.9998
1654104694985111.0,0.9999,0.9998000000000001
1654104738690394.2,0.9999,0.9998
1654104802437756.5,0.9998999999999999,0.9998
1654104861507525.0,0.9999000000000001,0.9998
1654104934392428.5,0.9999,0.9998000000000001
1654104990534774.2,0.9999000000000001,0.9998
1654105047811392.0,0.9999000000000001,0.9998
1654105102388322.0,0.9999000000000001,0.9998
1654105157056753.8,0.9999,0.9998
1654105224361210.5,0.9999,0.9998
1654105286194509.0,0.9999,0.9998
1654105348665243.5,0.9999000000000001,0.9998
1654105408236618.2,0.9999,0.9998
1654105466287569.5,0.9999,0.9998
1654105535587761.0,0.9999,0.9998
1654105591496890.5,0.9999,0.9998
1654105651034898.2,0.9999000000000001,0.9998
1654105711820977.5,0.9999,0.9997999999999999
1654105766295469.8,0.9999,0.9997999999999999
1654105827272064.5,0.9999,0.9998
1654105890743506.0,0.9999,0.9998000000000001
1654105948924440.0,0.9999,0.9998
1654106005259228.8,0.9999,0.9998000000000001
1654106071274225.5,0.9999000000000001,0.9998
1654106126813251.0,0.9999,0.9998
1654106195569791.5,0.9999,0.9997999999999999
1654106245620879.0,0.9999,0.9998
1654106309438291.5,0.9999,0.9998000000000001
1654106367808045.0,0.9998999999999999,0.9998
1654106439428228.0,0.9999,0.9998000000000001
1654106488897438.5,0.9999,0.9998000000000001
1654106555542592.5,0.9999,0.9998000000000001
1654106623826979.0,0.9999,0.9998
1654106671722017.8,0.9999000000000001,0.9998
1654106740721823.0,0.9999,0.9998
1654106788288969.2,0.9999,0.9998
1654106862223193.5,0.9999,0.9998
1654106918965955.8,0.9999,0.9998
1654106985276060.8,0.9999,0.9997999999999999
1654107045003168.5,0.9999,0.9997999999999999
1654107092854325.2,0.9999,0.9998000000000001
1654107153959196.8,0.9999,0.9998000000000001
1654107216593033.0,0.9999,0.9998
1654107280672383.0,0.9999,0.9998
1654107327519893.2,0.9999,0.9998
1654107380854503.5,0.9999,0.9998
1654107452494640.0,0.9999,0.9998
1654107517757143.5,0.9999,0.9998
1654107569484756.8,0.9999,0.9998000000000001
1654107629070897.2,0.9999,0.9998000000000001
1654107700385204.0,0.9999,0.9998
1654107745928616.8,0.9999,0.9998
1654107805193034.0,0.9998999999999999,0.9998
1654107878730068.0,0.9999,0.9998
1654107922650923.2,0.9999,0.9998
1654107976514070.0,0.9999,0.9998
1654108032255949.8,0.9999,0.9998
1654108098019190.0,0.9999,0.9998
1654108162331486.2,0.9999000000000001,0.9998
1654108226692858.8,0.9999,0.9998000000000001
1654108284673923.2,0.9999000000000001,0.9998
1654108338910906.0,0.9999,0.9998
1654108408684963.0,0.9999,0.9998
1654108473637865.5,0.9999,0.9998
1654108520640009.5,0.9999,0.9998000000000001
1654108584082563.2,0.9998999999999999,0.9998
1654108643036206.0,0.9999,0.9998
1654108701630782.8,0.9999,0.9998
1654108770377228.5,0.9999,0.9998
1654108825933500.2,0.9999,0.9998
1654108885449656.2,0.9999,0.9998
1654108941946592.8,0.9999,0.9998
1654109005381701.0,0.9998999999999999,0.9998
1654109065889360.0,0.9999,0.9997999999999999
1654109129194386.8,0.9999,0.9998
1654109184980580.2,0.9999,0.9998
1654109251360457.0,0.9999000000000001,0.9998
1654109307438772.2,0.9999000000000001,0.9998
1654109367601505.5,0.9999,0.9997999999999999
1654109435274092.2,0.9999,0.9997999999999999
1654109472204347.8,0.9998999999999999,0.9998000000000001
1654109545001000.0,0.9999,0.9998
1654109610483194.0,0.9998999999999999,0.9998
1654109659390239.5,0.9999,0.9998000000000001
1654109738373172.5,0.9999,0.9998
1654109793256105.0,0.9999,0.9998
1654109853155859.0,0.9999,0.9998
1654109905433209.5,0.9999,0.9998
1654109949317017.0,0.9999,0.9998
1654110027418079.0,0.9998999999999999,0.9998
1654110083264197.5,0.9999,0.9998
1654110140541439.8,0.9998999999999999,0.9998
1654110198228473.2,0.9998999999999999,0.9998
1654110266380280.0,0.9999,0.9997999999999999
1654110329635103.2,0.9999,0.9998
1654110379150997.5,0.9999,0.9998
1654110445974317.0,0.9999,0.9998
1654110507193106.2,0.9999,0.9998
1654110568094408.0,0.9999,0.9998000000000001
1654110626689283.8,0.9999,0.9998
1654110695069348.0,0.9999,0.9998
1654110747778806.8,0.9998999999999999,0.9998
1654110807859150.2,0.9998641025641026,0.9997551282051282
1654110869112855.8,0.9998,0.9997
1654110936167435.2,0.9998,0.9997000000000001
1654110988569866.2,0.9998,0.9997
1654111054042532.5,0.9997999999999999,0.9997
1654111102730036.8,0.9997999999999999,0.9997
1654111156536838.5,0.9998,0.9997
1654111225450448.8,0.9998,0.9997
1654111289488547.8,0.9998,0.9997
1654111358489680.5,0.999762962962963,0.9996296296296298
1654111406202713.5,0.9997,0.9996000000000002
1654111473610428.8,0.9997,0.9996
1654111537633107.2,0.9997,0.9996
1654111589768706.8,0.9997000000000001,0.9996000000000002
1654111650551202.8,0.9997000000000001,0.9996000000000002
1654111721998468.8,0.9996999999999999,0.9996
1654111761602697.2,0.9997,0.9996
1654111829447341.5,0.9997,0.9995999999999999
1654111894041032.8,0.9996999999999999,0.9996
1654111963284689.2,0.9997,0.9996
1654112023598164.0,0.9997,0.9996
1654112066791285.2,0.9997,0.9996
1654112130635630.2,0.9997,0.9996000000000002
1654112190093368.8,0.9997,0.9995999999999999
1654112251195854.2,0.9997,0.9996
1654112304936381.0,0.9997,0.9996000000000002
1654112393369588.8,0.9997,0.9996
1654112444643658.0,0.9997,0.9996
1654112480201242.8,0.9997,0.9996
1654112549395777.0,0.9997000000000001,0.9996
1654112613956868.0,0.9997,0.9996
1654112663659363.5,0.9997,0.9996
1654112720527035.8,0.9997000000000001,0.9996
1654112810123952.8,0.9997,0.9996
1654112830544848.5,0.9997,0.9995999999999999
1654112902047297.2,0.9997000000000001,0.9996
1654112962114964.5,0.9997,0.9996000000000002
1654113019993293.8,0.9997000000000001,0.9996000000000002
1654113087834679.0,0.9997,0.9995999999999999
1654113133761347.5,0.9997,0.9996000000000002
1654113195882551.5,0.9997,0.9996
1654113267594180.0,0.9997,0.9995999999999999
1654113327839983.2,0.9996999999999999,0.9996
1654113385155172.0,0.9997,0.9996000000000002
1654113448260197.8,0.9997,0.9995999999999999
1654113500698170.8,0.9997000000000001,0.9996
1654113572897858.8,0.9997000000000001,0.9996
1654113634800642.5,0.9997,0.9996000000000002
1654113700480803.2,0.9997,0.9996
1654113747907580.5,0.9997,0.9996
1654113815290637.0,0.9997000000000001,0.9996000000000002
1654113864553445.2,0.9997,0.9996
1654113936178014.0,0.9997000000000001,0.9996
1654113981496770.2,0.9997,0.9995999999999999
1654114044295585.5,0.9997,0.9995999999999999
1654114111731982.8,0.9997,0.9996
1654114177060400.5,0.9997,0.9996
1654114228773323.0,0.9997,0.9995999999999999
1654114294701005.2,0.9997,0.9995999999999999
1654114353696447.5,0.9997000000000001,0.9996000000000002
1654114410092992.0,0.9997,0.9995999999999999
1654114467467053.2,0.9997000000000001,0.9996
1654114540796322.0,0.9997000000000001,0.9996
1654114599791603.2,0.9997000000000001,0.9996000000000002
1654114662975042.5,0.9997,0.9996
1654114715483094.2,0.9997,0.9996
1654114768666157.8,0.9997,0.9995999999999999
1654114846949408.8,0.9997,0.9996
1654114890531038.0,0.9997000000000001,0.9996
1654114951600554.2,0.9997000000000001,0.9996000000000002
1654115005586675.8,0.9997,0.9996000000000002
1654115074268542.5,0.9997,0.9996
1654115126723546.2,0.9997000000000001,0.9996000000000002
1654115189665972.2,0.9997,0.9996
1654115254082426.5,0.9997,0.9995999999999999
1654115304749688.8,0.9997000000000001,0.9996000000000002
1654115350449082.0,0.9997000000000001,0.9996
1654115419768651.2,0.9997000000000001,0.9996
1654115482328781.8,0.9997000000000001,0.9996
1654115547421117.5,0.9997,0.9996000000000002
1654115606757547.0,0.9997,0.9996
1654115664394603.5,0.9997,0.9996
1654115731748948.2,0.9996999999999999,0.9996
1654115790366430.8,0.9997000000000001,0.9996
1654115848688609.8,0.9997,0.9996
1654115906838083.0,0.9997,0.9996000000000002
1654115967891737.5,0.9997,0.9995999999999999
1654116027935272.5,0.9997,0.9995999999999999
1654116083387988.2,0.9997,0.9996
1654116154707576.5,0.9997,0.9996
1654116206846046.5,0.9997,0.9995999999999999
1654116263885073.5,0.9997,0.9996
1654116331355833.0,0.9997,0.9995999999999999
1654116379389777.5,0.9997,0.9996
1654116447319111.0,0.9997,0.9995999999999999
1654116510614189.8,0.9997,0.9995999999999999
1654116561778289.8,0.9997000000000001,0.9996
1654116620560301.2,0.9997,0.9996
1654116693281613.0,0.9997,0.9996
1654116751711647.5,0.9997,0.9996
1654116817742005.5,0.9997,0.9996
1654116874703050.5,0.9996999999999999,0.9996
1654116937295493.8,0.9997000000000001,0.9996
1654117001121600.5,0.9997,0.9996
1654117048404037.2,0.9997,0.9996
1654117110188196.8,0.9997,0.9996
1654117162152734.8,0.9997,0.9996
1654117227076733.5,0.9997,0.9996
1654117293254594.5,0.9997,0.9996000000000002
1654117347832892.8,0.9997,0.9996
1654117407380578.0,0.9997,0.9996
1654117460416874.0,0.9997,0.9996
1654117529536358.0,0.9997000000000001,0.9996
1654117584661477.5,0.9997,0.9996
1654117644191852.5,0.9997,0.9996
1654117699976415.2,0.9997,0.9995999999999999
1654117775355136.8,0.9997,0.9996
1654117844559074.8,0.9997000000000001,0.9996
1654117893056473.8,0.9997,0.9996
1654117943845747.0,0.9996999999999999,0.9996
1654118008752155.8,0.9997,0.9996
1654118068891538.5,0.9997,0.9996000000000002
1654118129627784.2,0.9997,0.9996000000000002
1654118195200195.5,0.9997,0.9996
1654118247293338.8,0.9997000000000001,0.9996000000000002
1654118301293638.5,0.9997,0.9996
1654118362877990.8,0.9997,0.9996
1654118404562337.2,0.9997000000000001,0.9996
1654118488174817.5,0.9997,0.9996
1654118551977830.0,0.9997000000000001,0.9996
1654118608293591.0,0.9997000000000001,0.9996000000000002
1654118670443311.5,0.9997,0.9996
1654118726954424.5,0.9997,0.9996
1654118804940669.2,0.9997,0.9996
1654118843742142.2,0.9997,0.9996
1654118901353909.5,0.9997,0.9996
1654118976870747.2,0.9997,0.9995999999999999
1654119022401320.5,0.9997,0.9996
1654119091576153.2,0.9997000000000001,0.9996000000000002
1654119162984283.8,0.9997,0.9996
1654119222910041.0,0.9997000000000001,0.9996000000000002
1654119277798893.5,0.9997,0.9996
1654119330564189.0,0.9997000000000001,0.9996
1654119397190649.2,0.9997000000000001,0.9996
1654119447548336.8,0.9997000000000001,0.9996
1654119513500567.5,0.9997,0.9996
1654119571205291.5,0.9997,0.9996
1654119630559193.5,0.9997,0.9996000000000002
1654119694979260.8,0.9997000000000001,0.9996
1654119740233323.0,0.9997,0.9996
1654119804051563.8,0.9997,0.9996000000000002
1654119858324393.5,0.9997,0.9996
1654119921994594.2,0.9997,0.9996
1654119977292284.2,0.9997,0.9995999999999999
1654120048077863.5,0.9997,0.9995999999999999
1654120108719736.0,0.9997,0.9995999999999999
1654120162007065.5,0.9997,0.9995999999999999
1654120230073530.5,0.9997,0.9996
1654120284065937.8,0.9997,0.9995999999999999
1654120354060462.5,0.9997,0.9995999999999999
1654120405679505.0,0.9997000000000001,0.9996
1654120469279319.8,0.9997,0.9995999999999999
1654120530726251.5,0.9997,0.9996
1654120598305009.5,0.9997,0.9996
1654120644160833.2,0.9997,0.9996
1654120715067704.5,0.9997000000000001,0.9996000000000002
1654120774089061.2,0.9997000000000001,0.9996000000000002
1654120821107159.8,0.9997000000000001,0.9996000000000002
1654120895869342.2,0.9997000000000001,0.9996
1654120948832572.5,0.9997,0.9996
1654121019233552.2,0.9997000000000001,0.9996
1654121071021665.8,0.9997,0.9996
1654121141511235.8,0.9997,0.9995999999999999
1654121190998236.2,0.9997000000000001,0.9996
1654121249881132.0,0.9997000000000001,0.9996
1654121299851960.0,0.9997,0.9996
1654121359768343.5,0.9997,0.9996
1654121425055962.5,0.9997,0.9996
1654121484208817.8,0.9997,0.9996
1654121545430802.5,0.9997,0.9996
1654121609682892.0,0.9997000000000001,0.9996000000000002
1654121668316263.2,0.9997,0.9995999999999999
1654121725253509.2,0.9997000000000001,0.9996000000000002
1654121787500105.5,0.9997,0.9996
1654121860109690.8,0.9997,0.9996
1654121916153936.2,0.9997,0.9995999999999999
1654121964498609.2,0.9997000000000001,0.9996
1654122019466293.0,0.9997,0.9996
1654122096480822.8,0.9997,0.9996000000000002
1654122154337022.5,0.9997,0.9996
1654122218255870.2,0.9997,0.9996000000000002
1654122266967478.8,0.9997,0.9996
1654122325335171.0,0.9997000000000001,0.9996
1654122386232402.8,0.9997,0.9996
1654122449443599.8,0.9997,0.9996
1654122501985451.0,0.9997,0.9996000000000002
1654122565200674.8,0.9997,0.9995999999999999
1654122617743365.2,0.9997000000000001,0.9996
1654122690074717.2,0.9997000000000001,0.9996000000000002
1654122738472191.5,0.9997,0.9996000000000002
1654122809409661.0,0.9997,0.9995999999999999
1654122868478116.8,0.9997000000000001,0.9996
1654122938103552.8,0.9997,0.9995999999999999
1654122995249147.2,0.9997000000000001,0.9996
1654123049348825.8,0.9997000000000001,0.9996000000000002
1654123102703903.5,0.9997,0.9996000000000002
1654123166055463.2,0.9997,0.9995999999999999
1654123232233937.2,0.9997000000000001,0.9996000000000002
1654123308417439.5,0.9997,0.9996
1654123351849667.0,0.9997,0.9996
1654123409803381.2,0.9997,0.9996
1654123475521268.0,0.9997,0.9996
1654123536893337.0,0.9997000000000001,0.9996000000000002
1654123588834146.8,0.9997000000000001,0.9996
1654123654318502.5,0.9997,0.9996
1654123695565862.5,0.9997,0.9996
1654123770794404.5,0.9997000000000001,0.9996000000000002
1654123848039577.5,0.9997,0.9996
1654123898413738.0,0.9997,0.9996
1654123954399738.8,0.9997000000000001,0.9996
1654124014329070.2,0.9997,0.9995999999999999
1654124085872832.5,0.9997000000000001,0.9996000000000002
1654124127872396.5,0.9997,0.9996
1654124194703750.8,0.9997000000000001,0.9996
1654124251582004.8,0.9997,0.9996
1654124309225837.5,0.9997,0.9996
1654124365817778.8,0.9997,0.9996
1654124413178812.5,0.9997,0.9996
1654124472317875.5,0.9997,0.9996
1654124553293781.5,0.9997,0.9995999999999999
1654124601651271.8,0.9997,0.9996
1654124656391350.5,0.9997,0.9996
1654124723488544.5,0.9997,0.9996
1654124795256320.8,0.9997,0.9996
1654124849733900.5,0.9997,0.9996
1654124904476302.0,0.9996999999999999,0.9996
1654124974466120.2,0.9997,0.9996
1654125029738600.0,0.9997,0.9996
1654125079568248.2,0.9997000000000001,0.9996
1654125155505094.0,0.9997,0.9996
1654125209963884.2,0.9997,0.9995999999999999
1654125261245200.8,0.9997000000000001,0.9996
1654125326293697.2,0.9997,0.9996
1654125398848606.8,0.9997,0.9996
1654125451660976.0,0.9997,0.9996
1654125507807612.0,0.9997,0.9996
1654125572193957.2,0.9997,0.9996000000000002
1654125614509649.2,0.9997,0.9996
1654125684588738.8,0.9997000000000001,0.9996
1654125753571023.8,0.9997,0.9996
1654125806708786.8,0.9996999999999999,0.9996
1654125862956376.8,0.9997,0.9996
1654125934877324.2,0.9997,0.9995999999999999
1654125982324527.0,0.9997,0.9996
1654126052610639.0,0.9997,0.9995999999999999
1654126131162238.5,0.9997,0.9995999999999999
1654126181358965.0,0.9997,0.9995999999999999
1654126223151584.2,0.9997,0.9996000000000002
1654126274961421.2,0.9997,0.9996
1654126355419479.8,0.9997,0.9996
1654126413574888.0,0.9997,0.9996
1654126483833037.0,0.9997,0.9996
1654126531839793.2,0.9997000000000001,0.9996000000000002
1654126595962502.2,0.9997000000000001,0.9996
1654126646814899.2,0.9997,0.9996
1654126726197340.0,0.9997000000000001,0.9996
1654126774805590.8,0.9997000000000001,0.9996
1654126843343405.8,0.9997,0.9996
1654126892300144.8,0.9997,0.9996
1654126953680500.0,0.9997,0.9996000000000002
1654127010504097.5,0.9997,0.9995999999999999
1654127051738312.0,0.9997,0.9996
1654127123983056.2,0.9997,0.9996
1654127181824385.5,0.9997,0.9996
1654127246727200.2,0.9997000000000001,0.9996
1654127293014072.2,0.9997000000000001,0.9996
1654127352309300.2,0.9997000000000001,0.9996
1654127417605150.0,0.9997000000000001,0.9996
1654127497263463.0,0.9997000000000001,0.9996000000000002
1654127550504594.8,0.9997000000000001,0.9996000000000002
1654127597510671.5,0.9997,0.9996
1654127652566714.5,0.9997,0.9996
1654127715570786.8,0.9997,0.9996
1654127773849021.0,0.9997000000000001,0.9996
1654127848960281.2,0.9997000000000001,0.9996000000000002
1654127902372026.2,0.9997,0.9995999999999999
1654127966259193.8,0.9997000000000001,0.9996
1654128020393387.8,0.9997,0.9996
1654128087856014.5,0.9997,0.9996
1654128152033884.2,0.9997,0.9996
1654128202465276.5,0.9997,0.9996
1654128264229117.0,0.9997000000000001,0.9996
1654128326297880.8,0.9997000000000001,0.9996
1654128390666628.0,0.9997000000000001,0.9996000000000002
1654128463158619.5,0.9997,0.9996
1654128496376461.0,0.9997,0.9996
1654128568160555.8,0.9997,0.9996
1654128630599438.8,0.9997,0.9996000000000002
1654128694345299.2,0.9997000000000001,0.9996
1654128749941339.5,0.9997,0.9996
1654128820065542.8,0.9997,0.9996
1654128873430967.0,0.9997000000000001,0.9996
1654128935756340.8,0.9997,0.9996
1654128993775617.0,0.9997000000000001,0.9996000000000002
1654129054135451.5,0.9997000000000001,0.9996000000000002
1654129113081780.8,0.9997000000000001,0.9996
1654129169704070.8,0.9997,0.9996
1654129238085238.0,0.9997,0.9996
1654129296584453.0,0.9997000000000001,0.9996000000000002
1654129346685304.8,0.9997,0.9996
1654129416524184.5,0.9997,0.9996
1654129465005468.0,0.9997000000000001,0.9996
1654129529819767.5,0.9997,0.9996
1654129595366510.2,0.9997,0.9996
1654129649383763.5,0.9997000000000001,0.9996000000000002
1654129710669489.5,0.9997000000000001,0.9996000000000002
1654129776115140.5,0.9997,0.9996
1654129825687591.5,0.9997,0.9996
1654129899536773.8,0.9997,0.9996
1654129948806846.5,0.9997,0.9996
1654130001830944.0,0.9997000000000001,0.9996
1654130056973172.8,0.9997,0.9996
1654130110060338.5,0.9997,0.9996
1654130176547528.8,0.9997,0.9996
1654130247121216.5,0.9997,0.9996
1654130320683973.0,0.9997,0.9996
1654130361881566.5,0.9997,0.9996
1654130421917824.5,0.9997,0.9996
1654130499841747.5,0.9997,0.9996
1654130537526135.5,0.9997,0.9996
1654130601766031.0,0.9997,0.9995999999999999
1654130659400028.0,0.9997000000000001,0.9996
1654130724971131.0,0.9997000000000001,0.9996
1654130777589141.0,0.9997,0.9996
1654130855926682.5,0.9997,0.9996
1654130899210850.8,0.9997000000000001,0.9996
1654130960574176.2,0.9997,0.9996
1654131030005083.2,0.9997000000000001,0.9996
1654131103491994.5,0.9997,0.9996
1654131151372777.0,0.9997,0.9996
1654131213337425.0,0.9997,0.9995999999999999
1654131255079443.8,0.9997,0.9996
1654131329210097.2,0.9997,0.9996
1654131400564318.5,0.9997,0.9996
1654131448909232.5,0.9997,0.9996
1654131500670239.8,0.9997000000000001,0.9996
1654131572947401.2,0.9997,0.9996
1654131640383595.0,0.9997,0.9995999999999999
1654131695330959.5,0.9997,0.9996
1654131748303850.2,0.9997000000000001,0.9996
1654131821292539.8,0.9997,0.9996
1654131888095687.5,0.9997,0.9996
1654131937169245.2,0.9997,0.9996
1654131980369388.5,0.9997,0.9996
1654132036488034.2,0.9997,0.9996000000000002
1654132083032808.2,0.9997000000000001,0.9996
1654132170096729.2,0.9997,0.9996
1654132222362972.2,0.9997,0.9996
1654132289792073.2,0.9997000000000001,0.9996000000000002
1654132352124431.2,0.9997,0.9996
1654132410915859.0,0.9997,0.9996
1654132469052531.2,0.9997,0.9996
1654132537804433.8,0.9997,0.9996
1654132591987435.8,0.9997,0.9996
1654132653900220.0,0.9997000000000001,0.9996000000000002
1654132697161352.8,0.9997000000000001,0.9996
1654132774410982.5,0.9997,0.9996
1654132833169286.5,0.9997,0.9996
1654132891830212.2,0.9997,0.9995999999999999
1654132936799928.5,0.9997,0.9996
1654133009812828.2,0.9997,0.9996
1654133055785113.5,0.9997,0.9996
1654133130906857.0,0.9997,0.9996
1654133196317294.8,0.9997,0.9996
1654133258028821.2,0.9997,0.9996
1654133301009723.5,0.9997,0.9996
1654133346978422.8,0.9997000000000001,0.9996
1654133434757514.8,0.9997000000000001,0.9996
1654133505385844.8,0.9997000000000001,0.9996
1654133548860211.5,0.9997,0.9996
1654133601437465.8,0.9997000000000001,0.9996
1654133661831037.5,0.9997,0.9996
1654133734506598.8,0.9997000000000001,0.9996000000000002
1654133801478169.8,0.9997,0.9996
1654133859545971.0,0.9997000000000001,0.9996
1654133911928773.2,0.9997000000000001,0.9996
1654133989537115.5,0.9997000000000001,0.9996000000000002
1654134024108523.2,0.9997,0.9996
1654134071962710.8,0.9997,0.9996
1654134146604790.0,0.9997,0.9996
1654134211749144.0,0.9997000000000001,0.9996
1654134264769229.5,0.9997,0.9996
1654134327842370.8,0.9997,0.9996000000000002
1654134390906410.2,0.9997,0.9996
1654134456276392.0,0.9997,0.9996
1654134495435458.5,0.9997,0.9996
1654134581999948.2,0.9997,0.9996
1654134619916837.2,0.9997000000000001,0.9996
1654134680221678.8,0.9997,0.9996
1654134740655632.8,0.9997000000000001,0.9996
1654134828146096.2,0.9997000000000001,0.9996000000000002
1654134867379356.0,0.9997,0.9996
1654134920296108.2,0.9997000000000001,0.9996
1654134976954993.2,0.9997000000000001,0.9996000000000002
1654135043291850.2,0.9997000000000001,0.9996000000000002
1654135101282284.2,0.9997,0.9996
1654135234125040.8,0.9997,0.9996
1654135294829879.0,0.9997,0.9996
1654135363215382.8,0.9997,0.9996
1654135402020051.5,0.9997,0.9996
1654135468162009.5,0.9997,0.9996
1654135533564709.2,0.9997000000000001,0.9996
1654135587046109.8,0.9997,0.9996
1654135648168425.0,0.9997000000000001,0.9996000000000002
1654135712182637.2,0.9997000000000001,0.9996
1654135762879033.8,0.9997,0.9996
1654135842761062.5,0.9997,0.9996
1654135889592877.2,0.9997,0.9996
1654135962806834.0,0.9997000000000001,0.9996
1654136007809933.5,0.9997,0.9996
1654136073436964.0,0.9997,0.9996
1654136137771325.8,0.9997,0.9995999999999999
1654136197804074.8,0.9997,0.9996
1654136248613129.2,0.9997,0.9996
1654136311372789.0,0.9997,0.9996
1654136384447413.5,0.9997,0.9996000000000002
1654136447769748.2,0.9997,0.9996
1654136502798882.0,0.9997000000000001,0.9996
1654136535871645.5,0.9997,0.9996
1654136623160387.0,0.9997,0.9995999999999999
1654136672255068.0,0.9997000000000001,0.9996
1654136721571675.0,0.9997,0.9996
1654136789855768.0,0.9997000000000001,0.9996
1654136852531674.8,0.9997,0.9996
1654136915750460.5,0.9997,0.9996
1654136972086884.0,0.9997000000000001,0.9996000000000002
1654137050635378.5,0.9997,0.9996
1654137081907943.5,0.9997,0.9996
1654137140627080.5,0.9997,0.9996
1654137194621541.0,0.9997000000000001,0.9996
1654137263903922.8,0.9997,0.9996
1654137311150262.0,0.9997,0.9996
1654137377680779.0,0.9997000000000001,0.9996
1654137430123543.2,0.9997000000000001,0.9996
1654137494438626.5,0.9997,0.9996
1654137568352049.0,0.9997,0.9996
1654137622967949.2,0.9997,0.9996
1654137685885200.8,0.9997000000000001,0.9996
1654137735779961.2,0.9997,0.9996
1654137797843596.0,0.9997000000000001,0.9996
1654137883624890.0,0.9997,0.9996
1654137918963378.5,0.9997,0.9996
1654137988541806.5,0.9997,0.9996
1654138041229434.0,0.9997000000000001,0.9996
1654138102766040.5,0.9997,0.9996
1654138170000948.5,0.9997,0.9996
1654138246297677.5,0.9997,0.9996
1654138289022745.0,0.9997000000000001,0.9996000000000002
1654138348482336.8,0.9997000000000001,0.9996
1654138419046735.0,0.9997000000000001,0.9996
1654138474692626.8,0.9997,0.9996
1654138510998373.5,0.9997,0.9996
1654138582508828.5,0.9997,0.9996
1654138644164387.2,0.9997,0.9996
1654138708807713.0,0.9997000000000001,0.9996000000000002
1654138766832470.2,0.9997,0.9996
1654138831009827.5,0.9997,0.9996
1654138890745214.5,0.9997,0.9995999999999999
1654138950767311.8,0.9997,0.9996000000000002
1654139007407633.8,0.9997,0.9995999999999999
1654139067543219.5,0.9997,0.9996
1654139121701442.0,0.9997000000000001,0.9996
1654139199014651.5,0.9997,0.9996
1654139256922884.2,0.9997000000000001,0.9996
1654139314859862.8,0.9997,0.9996
1654139366428715.5,0.9997,0.9996
1654139446862355.0,0.9997,0.9996
1654139487353070.5,0.9997,0.9996
1654139545610490.8,0.9997,0.9996
1654139618716048.5,0.9996999999999999,0.9996
1654139665788508.0,0.9997,0.9996
1654139735973698.5,0.9997,0.9996
1654139793269073.8,0.9997,0.9996
1654139873382745.0,0.9997000000000001,0.9996
1654139919644417.0,0.9997,0.9996
1654139964886446.0,0.9997,0.9996
1654140027412349.0,0.9997,0.9996
1654140106749842.8,0.9997,0.9995999999999999
1654140143398740.2,0.9997589285714286,0.9996125000000001
1654140204398361.0,0.9998,0.9996418604651163
1654140266169411.0,0.9998000000000001,0.9996999999999999
1654140328498297.0,0.9998,0.9997
1654140388325439.5,0.9998,0.9997
1654140446384136.5,0.9998000000000001,0.9997
1654140501106865.0,0.9998,0.9997000000000001
1654140566577123.8,0.9998,0.9997
1654140631100032.0,0.9998000000000001,0.9997
1654140694045858.0,0.9998,0.9997000000000001
1654140748071851.5,0.9998,0.9997
1654140804421064.5,0.9998,0.9997
1654140877388004.2,0.9998,0.9997
1654140936752929.8,0.9998,0.9997
1654140997902028.2,0.9998,0.9997
1654141045241965.5,0.9998,0.9997
1654141113741267.0,0.9998,0.9997000000000001
1654141166987962.0,0.9997999999999999,0.9997
1654141238929152.5,0.9998,0.9997000000000001
1654141295765377.8,0.9997999999999999,0.9997
1654141359419119.2,0.9998000000000001,0.9997
1654141411808379.2,0.9998,0.9997
1654141484328112.5,0.9998000000000001,0.9997
1654141536598917.0,0.9998,0.9997000000000001
1654141594925916.8,0.9998,0.9997
1654141642850254.0,0.9998,0.9997
1654141702425187.2,0.9998,0.9997000000000001
1654141762298161.0,0.9998,0.9997
1654141827581425.5,0.9998,0.9997
1654141892096164.5,0.9997999999999999,0.9997
1654141949364396.2,0.9998,0.9997
1654142010021241.5,0.9998,0.9997
1654142078909014.0,0.9998,0.9997
1654142131932009.5,0.9998,0.9997
1654142192784816.2,0.9998,0.9997
1654142257366055.5,0.9998000000000001,0.9997
1654142305085756.0,0.9998,0.9997000000000001
1654142368544437.5,0.9998000000000001,0.9997
1654142428202809.0,0.9998,0.9997
1654142490328574.5,0.9998,0.9997
1654142552236306.8,0.9998000000000001,0.9997
1654142605181339.0,0.9998,0.9997
1654142661489098.5,0.9998,0.9997
1654142722889379.5,0.9998,0.9997
1654142790066430.5,0.9998000000000001,0.9997
1654142845034898.0,0.9998,0.9997000000000001
1654142911143762.8,0.9998,0.9997000000000001
1654142971523431.0,0.9998,0.9997000000000001
1654143035781003.0,0.9998,0.9997
1654143097525229.0,0.9998,0.9997
1654143154118455.8,0.9998,0.9997
1654143211041423.0,0.9998000000000001,0.9996999999999999
1654143264540816.2,0.9998000000000001,0.9997
1654143323902348.8,0.9998,0.9997000000000001
1654143387170993.2,0.9998,0.9997000000000001
1654143446483250.8,0.9998,0.9997
1654143511539292.8,0.9998,0.9997
1654143569652615.0,0.9998,0.9997
1654143635806772.8,0.9998,0.9997000000000001
1654143695370362.0,0.9998000000000001,0.9997
1654143751307078.2,0.9997999999999999,0.9997
1654143810591351.8,0.9998,0.9997
1654143875414708.2,0.9998,0.9997
1654143938596793.8,0.9998,0.9997
1654144001342950.8,0.9998,0.9997
1654144044512506.0,0.9998000000000001,0.9996999999999999
1654144107222942.2,0.9998,0.9997000000000001
1654144160375506.2,0.9998,0.9997
1654144213037522.2,0.9997999999999999,0.9997
1654144286195223.5,0.9997999999999999,0.9997
1654144347289515.5,0.9998,0.9997
1654144409978596.5,0.9998,0.9997
1654144470058779.0,0.9998,0.9997
1654144536915489.8,0.9998,0.9997
1654144598520573.0,0.9998,0.9997000000000001
1654144640632866.0,0.9998,0.9997000000000001
1654144713252575.0,0.9998,0.9997
1654144763725102.2,0.9998,0.9997
1654144818670247.2,0.9998,0.9997
1654144891924257.5,0.9997999999999999,0.9997
1654144951948761.0,0.9998,0.9997000000000001
1654145023386593.8,0.9998,0.9997
1654145073715650.8,0.9998,0.9997
1654145140141209.2,0.9997999999999999,0.9997
1654145205385534.0,0.9998000000000001,0.9997
1654145237925930.0,0.9997999999999999,0.9997
1654145303806202.2,0.9998,0.9997
1654145375344534.2,0.9998,0.9997
1654145431372380.2,0.9998,0.9997000000000001
1654145488348415.0,0.9998,0.9997
1654145546202522.5,0.9998,0.9997
1654145617464468.0,0.9998,0.9997
1654145663915211.2,0.9998,0.9997000000000001
1654145721256086.5,0.9997999999999999,0.9997
1654145790321501.2,0.9998,0.9997
1654145841181991.2,0.9998,0.9997
1654145907700470.5,0.9998,0.9997
1654145970989239.2,0.9998,0.9997
1654146030732576.8,0.9998,0.9997
1654146088546105.2,0.9997999999999999,0.9997
1654146146571809.2,0.9998,0.9997
1654146216823447.8,0.9998,0.9997000000000001
1654146273363668.8,0.9998,0.9997
1654146333871852.5,0.9998,0.9997
1654146398397166.5,0.9998000000000001,0.9997
1654146455490501.0,0.9998,0.9997
1654146513611137.2,0.9998,0.9997
1654146575692063.5,0.9998000000000001,0.9997
1654146638013494.8,0.9998,0.9997000000000001
1654146697414587.2,0.9998,0.9997
1654146747470039.8,0.9998,0.9997000000000001
1654146814631120.0,0.9997999999999999,0.9997
1654146868937400.0,0.9998,0.9997
1654146922149176.0,0.9998,0.9997
1654146979640053.5,0.9998,0.9997
1654147041278318.0,0.9998,0.9997000000000001
1654147101671075.2,0.9998000000000001,0.9997
1654147169313499.2,0.9998,0.9997
1654147229104001.5,0.9998,0.9997
1654147289275087.2,0.9998,0.9997
1654147349495332.5,0.9998000000000001,0.9997
1654147409184785.5,0.9998000000000001,0.9997
1654147469205841.2,0.9998,0.9997000000000001
1654147533930448.5,0.9997999999999999,0.9997
1654147591656343.0,0.9998,0.9997
1654147640610332.0,0.9998,0.9997000000000001
1654147706929684.8,0.9998,0.9997
1654147768742768.0,0.9998,0.9997
1654147830284760.2,0.9998,0.9997
1654147892477088.2,0.9998,0.9997000000000001
1654147959819735.5,0.9998,0.9997000000000001
1654148003929093.0,0.9998,0.9997
1654148070694083.0,0.9998,0.9997
1654148144265859.5,0.9998000000000001,0.9997
1654148195832304.0,0.9998000000000001,0.9997
1654148258056086.2,0.9997999999999999,0.9997
1654148310364638.2,0.9998,0.9997
1654148381760651.2,0.9998,0.9997
1654148418743094.5,0.9998,0.9997
1654148486448094.0,0.9998,0.9997000000000001
1654148540838674.8,0.9998000000000001,0.9997
1654148601065519.0,0.9998,0.9997
1654148665301078.8,0.9998,0.9997000000000001
1654148720576681.5,0.9998,0.9997
1654148774520317.0,0.9998,0.9997
1654148856740886.8,0.9998,0.9997
1654148902899735.2,0.9998,0.9997000000000001
1654148974877737.8,0.9997999999999999,0.9997
1654149036995775.2,0.9998,0.9997000000000001
1654149084469937.8,0.9997999999999999,0.9997
1654149155699993.5,0.9998,0.9997
1654149213534252.8,0.9997999999999999,0.9997
1654149269157518.2,0.9997999999999999,0.9997
1654149329380069.0,0.9998,0.9997
1654149390004365.2,0.9998000000000001,0.9997
1654149446897248.0,0.9998,0.9997000000000001
1654149495510245.2,0.9998000000000001,0.9997
1654149560601585.8,0.9998,0.9997
1654149619046460.8,0.9998000000000001,0.9997
1654149682475493.0,0.9998,0.9997
1654149749963147.8,0.9998,0.9997
1654149806314032.5,0.9998,0.9997
1654149867735963.0,0.9998,0.9997
1654149923772883.5,0.9997999999999999,0.9997
1654149975974890.8,0.9998,0.9997
1654150048391838.0,0.9998000000000001,0.9997
1654150110469374.5,0.9998000000000001,0.9997
1654150161457012.2,0.9998000000000001,0.9996999999999999
1654150223095165.0,0.9998,0.9997
1654150283959568.8,0.9998,0.9997
1654150350637112.0,0.9998,0.9997
1654150405429611.0,0.9998000000000001,0.9997
1654150479622752.5,0.9998,0.9997
1654150534900128.2,0.9998,0.9997
1654150591551042.2,0.9998000000000001,0.9997
1654150658384973.5,0.9998,0.9997
1654150702699899.0,0.9998,0.9997000000000001
1654150778055966.2,0.9998,0.9997
1654150838602696.0,0.9998000000000001,0.9997
1654150890249852.5,0.9997999999999999,0.9997
1654150956053345.0,0.9998,0.9997
1654151027371021.0,0.9998,0.9997000000000001
1654151081398302.8,0.9998000000000001,0.9997
1654151134652328.2,0.9998,0.9997
1654151186756924.5,0.9998,0.9997000000000001
1654151275762209.8,0.9997999999999999,0.9997
1654151315492188.0,0.9998,0.9997000000000001
1654151398386839.2,0.9998,0.9997000000000001
1654151419115744.5,0.9998,0.9997
1654151475239216.5,0.9998,0.9997
1654151531858546.2,0.9998,0.9997000000000001
1654151599907268.8,0.9998,0.9997000000000001
1654151679669388.2,0.9998,0.9997
1654151723169216.2,0.9998,0.9997
1654151792110728.5,0.9998000000000001,0.9997
1654151845040856.5,0.9998,0.9997
1654151894708458.5,0.9998,0.9997
1654151972910246.2,0.9998,0.9997000000000001
1654152025598571.8,0.9998,0.9997
1654152096477254.8,0.9998,0.9997000000000001
1654152141680802.8,0.9997999999999999,0.9997
1654152191058677.8,0.9998,0.9997
1654152279785512.0,0.9997999999999999,0.9997
1654152326428152.0,0.9998,0.9997
1654152384801232.5,0.9998,0.9997000000000001
1654152454081180.0,0.9998,0.9997
1654152520471328.5,0.9998,0.9997
1654152585208582.0,0.9998000000000001,0.9997
1654152634912268.0,0.9998,0.9997000000000001
1654152696187843.0,0.9998000000000001,0.9997
1654152744231686.2,0.9998000000000001,0.9997
1654152812576664.2,0.9998,0.9997000000000001
1654152857095567.0,0.9998,0.9997000000000001
1654152928379785.2,0.9997999999999999,0.9997
1654152989364798.8,0.9998000000000001,0.9997
1654153071148707.8,0.9998,0.9997000000000001
1654153128886729.0,0.9998000000000001,0.9997
1654153181693274.2,0.9998,0.9997000000000001
1654153220905630.8,0.9997999999999999,0.9997
1654153279936260.8,0.9998000000000001,0.9997
1654153337450944.0,0.9998,0.9997000000000001
1654153416519100.0,0.9998,0.9997
1654153479053694.5,0.9998000000000001,0.9997
1654153528581861.2,0.9997999999999999,0.9997
1654153576437760.0,0.9998,0.9997
1654153643759899.2,0.9998000000000001,0.9997
1654153701433018.2,0.9998000000000001,0.9997
1654153775610425.8,0.9998000000000001,0.9997
1654153830204995.0,0.9998,0.9997
1654153884228211.8,0.9998,0.9997
1654153946449375.2,0.9997999999999999,0.9997
1654153997633396.0,0.9997999999999999,0.9997
1654154086651615.0,0.9998,0.9997
1654154143055277.2,0.9998,0.9997000000000001
1654154182502673.0,0.9998,0.9997
1654154241845260.0,0.9998,0.9997000000000001
1654154297431934.5,0.9998,0.9997
1654154390274905.5,0.9998000000000001,0.9997
1654154438063752.0,0.9997999999999999,0.9997
1654154482735756.2,0.9997999999999999,0.9997
1654154542880404.5,0.9998000000000001,0.9997
1654154617630416.8,0.9997999999999999,0.9997
1654154661573554.8,0.9998,0.9997000000000001
1654154736527237.5,0.9998000000000001,0.9997
1654154788479456.5,0.9997999999999999,0.9997
1654154861479637.2,0.9998,0.9997000000000001
1654154916759183.2,0.9998,0.9997000000000001
1654154960668276.0,0.9998,0.9997
1654155035917562.8,0.9998,0.9997000000000001
1654155097092917.8,0.9997999999999999,0.9997
1654155151477549.2,0.9998,0.9997000000000001
1654155207565683.8,0.9998,0.9997000000000001
1654155281231325.0,0.9998,0.9997
1654155330148221.8,0.9998,0.9997000000000001
1654155390284777.2,0.9997999999999999,0.9997
1654155458263701.8,0.9998,0.9997000000000001
1654155512739366.2,0.9998,0.9997
1654155559526150.8,0.9998,0.9997000000000001
1654155616983830.8,0.9997999999999999,0.9997
1654155685271488.5,0.9998,0.9997
1654155750147139.8,0.9998,0.9997000000000001
1654155795708826.0,0.9998,0.9997
1654155847186831.0,0.9998,0.9997
1654155921995967.0,0.9998,0.9997
1654155966159593.0,0.9998,0.9997
1654156040334431.0,0.9998000000000001,0.9997
1654156086059954.0,0.9998,0.9997000000000001
1654156166733384.0,0.9998,0.9997
1654156235004100.0,0.9998,0.9997000000000001
1654156279692392.0,0.9998,0.9997
1654156351403204.8,0.9997999999999999,0.9997
1654156390597474.8,0.9997999999999999,0.9997
1654156488121696.8,0.9997999999999999,0.9997
1654156545364041.8,0.9998,0.9997000000000001
1654156588719041.0,0.9998,0.9997000000000001
1654156634570722.5,0.9998,0.9997
1654156708303641.0,0.9998,0.9997
1654156779174530.5,0.9998,0.9997
1654156825114216.8,0.9998000000000001,0.9997
1654156879565484.8,0.9997999999999999,0.9997
1654156955767166.0,0.9998,0.9997000000000001
1654156994255516.5,0.9998,0.9997
1654157059717335.0,0.9998,0.9997
1654157118073155.0,0.9998,0.9997
1654157186189150.2,0.9997999999999999,0.9997
1654157252347921.5,0.9997999999999999,0.9997
1654157319093972.8,0.9998,0.9997000000000001
1654157375708250.8,0.9998,0.9997000000000001
1654157430599232.2,0.9998,0.9997000000000001
1654157497675950.8,0.9998,0.9997
1654157554554991.2,0.9998000000000001,0.9997
1654157586354361.0,0.9998,0.9997
1654157673422126.0,0.9998,0.9997
1654157755866198.5,0.9998,0.9997
1654157792222312.5,0.9997999999999999,0.9997
1654157844231680.5,0.9997999999999999,0.9997
1654157915417647.8,0.9998,0.9997
1654157977032917.5,0.9998,0.9997
1654158041505110.2,0.9998000000000001,0.9997
1654158096027404.5,0.9998000000000001,0.9997
1654158158116334.8,0.9998,0.9997
1654158210368014.2,0.9998000000000001,0.9997
1654158251416820.2,0.9998,0.9997000000000001
1654158331487456.0,0.9997999999999999,0.9997
1654158391986383.8,0.9998,0.9997
1654158450097024.8,0.9998,0.9997
1654158528624983.0,0.9998,0.9997
1654158558126297.8,0.9998,0.9997000000000001
1654158654935613.8,0.9998,0.9997000000000001
1654158679523481.2,0.9998,0.9997000000000001
1654158747896173.0,0.9998,0.9997000000000001
1654158801868325.2,0.9998,0.9997
1654158866094633.0,0.9998,0.9997000000000001
1654158941518413.0,0.9998,0.9997000000000001
1654159004924497.5,0.9998,0.9997
1654159043309945.5,0.9998000000000001,0.9997
1654159103299744.0,0.9998,0.9997000000000001
1654159169200951.8,0.9998,0.9997
1654159237998226.5,0.9998000000000001,0.9997
1654159280588902.2,0.9998000000000001,0.9997
1654159337047307.0,0.9998,0.9997000000000001
1654159411770687.0,0.9998,0.9997
1654159462584710.0,0.9997999999999999,0.9997
1654159505841109.8,0.9998,0.9997
1654159604140461.8,0.9998,0.9997000000000001
1654159644558341.5,0.9998,0.9997
1654159707798616.0,0.9997999999999999,0.9997
1654159783216367.0,0.9998,0.9997000000000001
1654159821747490.0,0.9998,0.9997000000000001
1654159889133007.8,0.9998000000000001,0.9997
1654159955878016.0,0.9997999999999999,0.9997
1654160008529424.0,0.9998000000000001,0.9997
1654160075395072.2,0.9998,0.9997000000000001
1654160129915009.2,0.9998,0.9997000000000001
1654160192189654.5,0.9998,0.9997
1654160251301923.2,0.9998,0.9997000000000001
1654160325553342.8,0.9998,0.9997
1654160352308908.0,0.9998,0.9997
1654160489973390.2,0.9997999999999999,0.9997
1654160554762703.8,0.9998,0.9997000000000001
1654160592550717.0,0.9998,0.9997000000000001
1654160693241160.0,0.9998,0.9997
1654160794505473.0,0.9998000000000001,0.9997
1654160859845711.2,0.9998,0.9997000000000001
1654160910970681.0,0.9998000000000001,0.9997
1654160978133185.8,0.9997999999999999,0.9997
1654161041446566.0,0.9997999999999999,0.9997
1654161082562774.8,0.9998,0.9997000000000001
1654161155347704.5,0.9998000000000001,0.9997
1654161208388462.8,0.9998,0.9997000000000001
1654161247059496.0,0.9998,0.9997
1654161306166020.8,0.9998,0.9997000000000001
1654161377478020.0,0.9998000000000001,0.9997
1654161446303128.0,0.9998,0.9997
1654161509251783.8,0.9998,0.9997000000000001
1654161572202845.2,0.9998,0.9997000000000001
1654161631373250.0,0.9998,0.9997
1654161704718813.5,0.9998,0.9997
1654161759544918.0,0.9998000000000001,0.9997
1654161801017727.8,0.9998,0.9997000000000001
1654161863524948.8,0.9998,0.9997000000000001
1654161939179732.0,0.9998,0.9997
1654161996780312.0,0.9997999999999999,0.9997
1654162037237536.2,0.9998,0.9997000000000001
1654162093382262.8,0.9998,0.9997000000000001
1654162140140083.0,0.9998,0.9997
1654162294341104.2,0.9998,0.9997000000000001
1654162334150681.5,0.9998,0.9997
1654162412274968.2,0.9998000000000001,0.9997
1654162468788858.0,0.9997999999999999,0.9997
1654162538812885.2,0.9998,0.9997000000000001
1654162588485329.2,0.9998,0.9997
1654162651634716.8,0.9997999999999999,0.9997
1654162717981482.5,0.9998,0.9997
1654162758830285.5,0.9998,0.9997
1654162821988333.0,0.9998,0.9997000000000001
1654162885966327.5,0.9998,0.9997000000000001
1654162957747998.8,0.9998,0.9997
1654163014635970.0,0.9998,0.9997
1654163072145535.2,0.9998,0.9997000000000001
1654163112510387.8,0.9998,0.9997
1654163186732277.0,0.9998,0.9997000000000001
1654163252486491.0,0.9998000000000001,0.9997
1654163329552729.5,0.9998,0.9997
1654163361423520.2,0.9998,0.9997000000000001
1654163442800619.8,0.9998,0.9997
1654163498895204.8,0.9998,0.9997000000000001
1654163572047287.2,0.9997976923076923,0.9996942307692308
1654163598456309.8,0.999790625,0.99964375
1654163650409968.8,0.9998,0.9997000000000001
1654163702580109.0,0.9998,0.9997000000000001
1654163785940745.5,0.9998,0.9997
1654163829002070.2,0.9998,0.9997000000000001
1654163896488700.5,0.9998000000000001,0.9997
1654163956016698.5,0.9998000000000001,0.9997
1654164011193488.0,0.9998,0.9997
1654164077288270.2,0.9998,0.9997
1654164144525857.2,0.9997999999999999,0.9997
1654164198435740.8,0.9998,0.9997000000000001
1654164255667688.8,0.9998000000000001,0.9997
1654164321689841.8,0.9998000000000001,0.9996999999999999
1654164383918645.8,0.9998000000000001,0.9997
1654164450211325.2,0.9998,0.9997000000000001
1654164502910894.0,0.9998,0.9997
1654164562931269.0,0.9998,0.9997
1654164618916540.8,0.9998,0.9997000000000001
1654164680607463.8,0.9998,0.9997000000000001
1654164746378011.8,0.9998,0.9997000000000001
1654164803473908.2,0.9998,0.9997
1654164868642647.5,0.9998,0.9997
1654164929064785.0,0.9998,0.9997000000000001
1654164991957085.0,0.9998,0.9997000000000001
1654165049908474.8,0.9998,0.9997
1654165109233025.2,0.9998,0.9997
1654165167467840.2,0.9998,0.9997
1654165230935529.8,0.9998000000000001,0.9997
1654165295922416.5,0.9998000000000001,0.9996999999999999
1654165348346948.8,0.9998,0.9997
1654165413854647.2,0.9997999999999999,0.9997
1654165464534112.0,0.9998,0.9997
1654165538674784.0,0.9998,0.9997
1654165593765241.2,0.9998000000000001,0.9997
1654165661608257.5,0.9998,0.9997
1654165718522101.8,0.9998,0.9997
1654165778951731.8,0.9998,0.9997000000000001
1654165846353511.5,0.9998000000000001,0.9997
1654165900029909.5,0.9998,0.9997
1654165958088811.5,0.9997999999999999,0.9997
1654166024755143.0,0.9998,0.9997000000000001
1654166074798240.8,0.9998000000000001,0.9997
1654166135174764.0,0.9998,0.9997000000000001
1654166192760380.8,0.9997891304347826,0.9996499999999999
1654166240721206.2,0.9998,0.9997
1654166296168739.0,0.9997780487804879,0.999629268292683
1654166364847587.5,0.9997999999999999,0.9997
1654166426252851.5,0.9997999999999999,0.9997
1654166486262538.8,0.9998000000000001,0.9997
1654166541304905.5,0.9998,0.9997
1654166613149940.0,0.9998,0.9997
1654166665646478.8,0.9998000000000001,0.9996999999999999
1654166729788934.5,0.9998,0.9997
1654166795311960.0,0.9998,0.9997
1654166843294066.2,0.9998,0.9997
1654166894563696.8,0.9998,0.9997000000000001
1654166954695066.5,0.9997999999999999,0.9997
1654167026488586.0,0.9998,0.9997000000000001
1654167085227888.5,0.9997999999999999,0.9997
1654167142389475.8,0.9997999999999999,0.9997
1654167198914552.0,0.9998,0.9997
1654167261523557.5,0.9998,0.9997
1654167325941813.0,0.9998,0.9997000000000001
1654167384634875.5,0.9998,0.9997
1654167452091808.5,0.9997999999999999,0.9997
1654167510053317.8,0.9998,0.9997
1654167568195241.8,0.9998,0.9997000000000001
1654167630612072.2,0.9998,0.9997000000000001
1654167691095409.5,0.9998000000000001,0.9996999999999999
1654167757004300.8,0.9998000000000001,0.9997
1654167814072070.2,0.9998,0.9997
1654167878419425.2,0.9998,0.9997
1654167930906402.0,0.9997999999999999,0.9997
1654167992753858.2,0.9998000000000001,0.9997
1654168056685306.5,0.9998,0.9997
1654168105950560.8,0.9998,0.9997
1654168170893010.2,0.9998000000000001,0.9996999999999999
1654168243007362.5,0.9998000000000001,0.9997
1654168295734012.5,0.9998,0.9997
1654168363485605.8,0.9998,0.9997000000000001
1654168411368464.2,0.9997999999999999,0.9997
1654168481382611.8,0.9998,0.9997
1654168538877828.5,0.9998000000000001,0.9997
1654168601786937.0,0.9997999999999999,0.9997
1654168663690251.8,0.9998,0.9997000000000001
1654168720594544.0,0.9998,0.9997
1654168785427182.2,0.9998,0.9997
1654168833172492.5,0.9998000000000001,0.9997
1654168899951623.8,0.9998,0.9997000000000001
1654168956259172.2,0.9998,0.9997
1654169017523506.8,0.9998,0.9997000000000001
1654169062777508.2,0.9998,0.9997
1654169121182943.5,0.9998,0.9997000000000001
1654169179355779.8,0.9997999999999999,0.9997
1654169245050774.0,0.9998,0.9997
1654169303965339.0,0.9998,0.9997000000000001
1654169360297929.2,0.9998,0.9997
1654169405532600.8,0.9998,0.9997000000000001
1654169467649713.0,0.9998,0.9997
1654169532281876.2,0.9998,0.9997
1654169595336348.5,0.9997999999999999,0.9997
1654169659513526.8,0.9998,0.9997000000000001
1654169709237936.0,0.9998,0.9997000000000001
1654169776080797.2,0.9997999999999999,0.9997
1654169845839959.2,0.9998,0.9997000000000001
1654169900448051.5,0.9998,0.9997
1654169957498875.8,0.9997999999999999,0.9997
1654170020827249.8,0.9998,0.9997
1654170090285772.5,0.9997999999999999,0.9997
1654170136048309.5,0.9998,0.9997
1654170205716793.8,0.9997999999999999,0.9997
1654170258508749.0,0.9998,0.9997
1654170321126773.2,0.9998,0.9997000000000001
1654170389093378.5,0.9998,0.9997
1654170451781888.0,0.9998000000000001,0.9997
1654170510785131.5,0.9998,0.9997
1654170562079690.0,0.9997999999999999,0.9997
1654170634909285.0,0.9998,0.9997
1654170687810282.2,0.9998,0.9997
1654170754962930.0,0.9998,0.9997000000000001
1654170812846868.8,0.9997999999999999,0.9997
1654170878146982.5,0.9998,0.9997
1654170926650427.5,0.9998000000000001,0.9997
1654170992588174.0,0.9998,0.9997000000000001
1654171064532708.5,0.9997999999999999,0.9997
1654171107594618.8,0.9997785714285715,0.9996357142857144
1654171166519481.0,0.9998,0.9996863636363638
1654171242791084.2,0.9997999999999999,0.9997
1654171292086271.0,0.9998,0.9997
1654171365061886.8,0.9998,0.9997000000000001
1654171412758980.0,0.9998,0.9997
1654171473657149.0,0.9998,0.9997
1654171530388866.2,0.9998,0.9997
1654171587062959.2,0.9998,0.999692
1654171651240420.8,0.9998000000000001,0.9996563636363637
1654171707286901.8,0.9998,0.9996742857142856
1654171754208065.0,0.9998,0.999673076923077
1654171814433504.0,0.9997999999999999,0.9996821428571429
1654171880866031.2,0.9998,0.9997
1654171939080671.5,0.9998,0.9996866666666667
1654171996417891.8,0.9997896551724138,0.9996758620689655
1654172056255675.2,0.9998,0.9997
1654172119243053.2,0.9997999999999999,0.9997
1654172185913729.0,0.9998,0.9997
1654172250058870.5,0.9998,0.9997
1654172295161610.0,0.9998,0.9997
1654172378207661.8,0.9997999999999999,0.9997
1654172420930563.0,0.9998000000000001,0.9997
1654172495444181.0,0.9998000000000001,0.9996999999999999
1654172546157551.0,0.9998,0.9996826086956522
1654172608873444.5,0.9997999999999999,0.9996952380952381
1654172674920778.5,0.9997878787878789,0.9996333333333335
1654172733121983.0,0.9998,0.9996370370370371
1654172788729120.2,0.9998000000000001,0.999695
1654172859378718.2,0.999778947368421,0.9996157894736841
1654172915944686.0,0.9998000000000001,0.9996631578947369
1654172976988531.5,0.9998,0.9996833333333333
1654173036211039.2,0.9997756756756757,0.9996378378378379
1654173086925295.8,0.9997999999999999,0.9996952380952381
1654173169240095.2,0.9998,0.9997000000000001
1654173225958449.8,0.9998,0.9997
1654173288509430.5,0.9998,0.9997000000000001
1654173339531283.0,0.9998,0.9997
1654173404944839.8,0.9998,0.9997000000000001
1654173459505531.8,0.9997894736842107,0.9996236842105264
1654173505002865.8,0.9998000000000001,0.9996736842105264
1654173556059349.5,0.9998,0.9997
1654173630777156.2,0.9997913043478261,0.9996695652173913
1654173670833267.0,0.9998,0.9997
1654173734548940.8,0.9998,0.9997
1654173796565308.2,0.9998,0.9997
1654173863548025.5,0.9998,0.9997
1654173918412355.5,0.9998,0.9997
1654173980589083.5,0.9998,0.9997
1654174033530300.8,0.9998,0.9997
1654174093426686.8,0.9998,0.9997
1654174162509929.2,0.9997999999999999,0.9997
1654174219570992.0,0.9998,0.9997
1654174279753917.8,0.9998,0.9997
1654174344366753.0,0.9998,0.9997
1654174399316122.5,0.9998,0.9997
1654174457977467.0,0.9998,0.9997
1654174521261417.8,0.9998,0.9997
1654174585207881.2,0.9998,0.9997
1654174650691561.5,0.9997758620689655,0.9996620689655173
1654174706077342.5,0.9998,0.999696
1654174760074728.2,0.9998,0.9997000000000001
1654174823778012.5,0.9998,0.9997000000000001
1654174876593638.2,0.9997999999999999,0.9997
1654174940429282.0,0.9998,0.9997
1654175002242851.5,0.9998000000000001,0.9997
1654175061642213.2,0.9998,0.9997
1654175125842625.5,0.9998,0.9997
1654175190158360.0,0.9997999999999999,0.9997
1654175246226458.5,0.9998,0.9997
1654175311238860.0,0.9998,0.9997
1654175374342471.5,0.9998,0.9997
1654175424491242.8,0.9997999999999999,0.9997
1654175489164829.5,0.9998,0.9997
1654175555318476.0,0.9998,0.9997000000000001
1654175613107698.5,0.9998,0.9997
1654175671681141.5,0.9998,0.9997
1654175723955475.8,0.9998,0.9997000000000001
1654175796610373.5,0.9998,0.9997
1654175849177268.5,0.9998,0.9997
1654175915572252.2,0.9998000000000001,0.9996999999999999
1654175972973616.8,0.9998,0.9997
1654176033647949.0,0.9998,0.9997000000000001
1654176102150730.8,0.9998,0.9997000000000001
1654176149540463.2,0.9998000000000001,0.9996999999999999
1654176225750796.2,0.9998,0.9997
1654176267039498.5,0.9997815789473684,0.9996263157894738
1654176328422575.8,0.9998,0.9996275862068965
1654176384628152.2,0.9998,0.9996666666666667
1654176448166098.5,0.9998,0.9997
1654176511451035.0,0.9998,0.9997
1654176563883033.5,0.9997999999999999,0.9997
1654176641261596.5,0.9997999999999999,0.9997
1654176694226427.5,0.9998,0.9997
1654176742060588.0,0.9998,0.9997000000000001
1654176804351537.2,0.9998000000000001,0.9997
1654176869719212.0,0.9998,0.9997000000000001
1654176936180053.5,0.9998,0.9997
1654176993483813.5,0.9997999999999999,0.9997
1654177055273784.0,0.9998000000000001,0.9996999999999999
1654177110672281.2,0.9998,0.9997
1654177174599573.2,0.9998,0.9997000000000001
1654177232153232.2,0.9998,0.9997
1654177295772397.0,0.9998,0.9997
1654177357675832.8,0.9998,0.9997
1654177429032936.0,0.9998,0.9997
1654177464276981.0,0.9998,0.9997
1654177526779948.8,0.9998000000000001,0.9996999999999999
1654177593223564.0,0.9998,0.9997
1654177654318325.8,0.9998,0.9997
1654177712370647.0,0.9998,0.9997
1654177766327196.8,0.9998000000000001,0.9997
1654177831495219.5,0.9997999999999999,0.9997
1654177885573884.2,0.9998,0.9997
1654177953377977.0,0.9998,0.9997
1654178013694250.8,0.9998,0.9997000000000001
1654178066765178.5,0.9998,0.9997
1654178135276925.0,0.9998,0.9997
1654178186721690.2,0.9997999999999999,0.9997
1654178239822182.5,0.9998,0.9997
1654178302025140.0,0.9998,0.9997
1654178367483932.2,0.9998,0.9997
1654178430792496.5,0.9998,0.9997
1654178490590433.5,0.9998,0.9997
1654178551910020.5,0.9998000000000001,0.9996999999999999
1654178606078857.0,0.9998,0.9997000000000001
1654178669543167.5,0.9997999999999999,0.9997
1654178729232843.2,0.9998,0.9997
1654178785332760.8,0.9998,0.9997000000000001
1654178846053917.0,0.9998,0.9997
1654178897669107.0,0.9998,0.9997000000000001
1654178961086213.5,0.9998,0.9997
1654179019282994.5,0.9998,0.9997
1654179085106670.0,0.9998,0.9997
1654179142253301.5,0.9998000000000001,0.9997
1654179204630521.2,0.9998,0.9997
1654179259227239.5,0.9997999999999999,0.9997
1654179321446334.8,0.9998000000000001,0.9996999999999999
1654179389015307.8,0.9998,0.9997
1654179437052398.5,0.9998,0.9997
1654179506646391.5,0.9997999999999999,0.9997
1654179572115689.5,0.9998,0.9997
1654179632853008.8,0.9998,0.9997
1654179690222923.2,0.9998000000000001,0.9996999999999999
1654179751864696.2,0.9998,0.9997
1654179809570021.8,0.9998,0.9997000000000001
1654179866767086.0,0.9998000000000001,0.9997
1654179926624748.5,0.9998,0.9997
1654179994408807.8,0.9998,0.9997
1654180046358954.2,0.9998,0.9997
1654180114433004.5,0.9998,0.9997
1654180179745652.2,0.9998,0.9997
1654180220359815.2,0.9998000000000001,0.9996999999999999
1654180291649323.0,0.9998,0.9997000000000001
1654180365792213.8,0.9998,0.9997
1654180413840007.8,0.9998,0.9997000000000001
1654180483892580.0,0.9998,0.9997000000000001
1654180544912129.2,0.9998,0.9997000000000001
1654180593897372.5,0.9997999999999999,0.9997
1654180664637890.2,0.9997999999999999,0.9997
1654180717628422.8,0.9998,0.9997
1654180784594779.2,0.9998,0.9997
1654180831866066.2,0.9998,0.9997
1654180905138974.5,0.9998,0.9997
1654180964207743.0,0.9998,0.9997
1654181018724761.0,0.9998,0.9997000000000001
1654181090585745.5,0.9998,0.9997
1654181147922776.2,0.9998000000000001,0.9997
1654181201584057.8,0.9998,0.9997
1654181245695467.0,0.9998,0.9997
1654181309240148.0,0.9998,0.9997
1654181360517466.8,0.9998000000000001,0.9997
1654181423592031.8,0.9998,0.9997
1654181480915248.8,0.9998,0.9997000000000001
1654181542854383.0,0.9998,0.9997
1654181610287626.2,0.9998000000000001,0.9997
1654181665007060.2,0.9998,0.9997
1654181725355875.2,0.9998,0.9997
1654181787949726.8,0.9998,0.9997
1654181855877020.8,0.9998,0.9997
1654181900867606.2,0.9998,0.9997000000000001
1654181958678901.0,0.9998,0.9997000000000001
1654182012071779.8,0.9997999999999999,0.9997
1654182086353261.2,0.9998000000000001,0.9996999999999999
1654182136911801.5,0.9998,0.9997
1654182201450474.2,0.9998,0.9997
1654182262349632.5,0.9998000000000001,0.9997
1654182327599614.8,0.9998,0.9997000000000001
1654182383591251.2,0.9998,0.9997
1654182442870860.5,0.9998000000000001,0.9997
1654182499368490.2,0.9997999999999999,0.9997
1654182560452192.5,0.9998,0.9997000000000001
1654182629223720.5,0.9998,0.9997000000000001
1654182681698570.0,0.9998,0.9997000000000001
1654182742691844.5,0.9998,0.9997
1654182802227948.0,0.9998,0.9997000000000001
1654182860917478.2,0.9997999999999999,0.9997
1654182934833765.8,0.9997999999999999,0.9997
1654182981112846.8,0.9998,0.9997
1654183047362600.5,0.9998,0.9997
1654183113882053.5,0.9998,0.9997
1654183169986030.8,0.9998,0.9997000000000001
1654183227659463.5,0.9997999999999999,0.9997
1654183291259850.0,0.9997999999999999,0.9997
1654183352863575.2,0.9998,0.9997000000000001
1654183416218525.8,0.9998,0.9997
1654183472176199.0,0.9998,0.9997
1654183533392143.2,0.9998000000000001,0.9997
1654183591793494.8,0.9997999999999999,0.9997
1654183653224422.5,0.9998,0.9997
1654183710169982.8,0.9998,0.9997000000000001
1654183773818404.2,0.9998,0.9997000000000001
1654183826805240.5,0.9998,0.9997
1654183901766485.8,0.9998,0.9997000000000001
1654183963689890.0,0.9997999999999999,0.9997
1654184015086252.5,0.9997999999999999,0.9997
1654184076663567.2,0.9998,0.9997000000000001
1654184133312465.0,0.9998,0.9997
1654184202530994.0,0.9998,0.9997
1654184257766536.2,0.9997999999999999,0.9997
1654184328762968.2,0.9998,0.9997000000000001
1654184381837485.2,0.9998,0.9997000000000001
1654184435810952.8,0.9998,0.9997
1654184508344527.2,0.9998,0.9997000000000001
1654184555780199.0,0.9998000000000001,0.9996999999999999
1654184618807426.0,0.9997999999999999,0.9997
1654184685223015.5,0.9998,0.9997
1654184734801689.8,0.9998,0.9997
1654184793484322.8,0.9998,0.9997
1654184853928622.5,0.9998,0.9997
1654184893619653.0,0.9998,0.9997
1654184957698030.5,0.9998,0.9997000000000001
1654185028041698.5,0.9998000000000001,0.9996999999999999
1654185086760817.2,0.9998000000000001,0.9996999999999999
1654185147205362.2,0.9997958974358975,0.9996723076923077
1654185208897105.0,0.9997879310344828,0.9996137931034483
1654185268586421.5,0.9997836734693878,0.9996346938775511
1654185327352890.2,0.9997870967741936,0.9996290322580645
1654185394012995.8,0.9998,0.9996863636363638
1654185443775746.0,0.9997375000000001,0.99960625
1654185498211306.2,0.9997000000000001,0.9996000000000002
1654185563969505.2,0.9997000000000001,0.9996
1654185623971467.5,0.9997,0.9996
1654185687898504.2,0.9997,0.9996
1654185748500733.0,0.9997,0.9995999999999999
1654185807573352.0,0.9997,0.9996
1654185861163645.0,0.9997000000000001,0.9996000000000002
1654185929019209.5,0.9997,0.9996
1654185992215489.5,0.9997,0.9996
1654186045366358.0,0.9997,0.9996
1654186104915176.5,0.9997,0.9996000000000002
1654186169494482.2,0.9997,0.9995999999999999
1654186225765437.2,0.9997,0.9995999999999999
1654186291288133.8,0.9997,0.9995999999999999
1654186353396742.0,0.9997,0.9996
1654186408241124.5,0.9997,0.9996
1654186472123675.8,0.9997,0.9995999999999999
1654186542032956.2,0.9997000000000001,0.9996000000000002
1654186594354871.8,0.9996999999999999,0.9996
1654186654222517.5,0.9997000000000001,0.9996000000000002
1654186719863806.5,0.9997,0.9996
1654186777972613.2,0.9997000000000001,0.9996
1654186840333392.5,0.9997,0.9996000000000002
1654186891126839.2,0.9997,0.9996
1654186957598126.8,0.9997,0.9996000000000002
1654187020089411.8,0.9997,0.9996
1654187070810449.8,0.9997000000000001,0.9996
1654187145457202.0,0.9997,0.9996
1654187189827179.8,0.9997,0.9996
1654187249659743.0,0.9997,0.9996
1654187316126483.2,0.9997,0.9996
1654187367025692.2,0.9997,0.9996000000000002
1654187442050686.0,0.9997,0.9996
1654187498290792.0,0.9997,0.9996
1654187555936078.2,0.9997,0.9995999999999999
1654187620948275.5,0.9997,0.9996
1654187677953692.8,0.9997000000000001,0.9996
1654187741268052.8,0.9997,0.9996
1654187801285235.5,0.9997,0.9996
1654187862851595.8,0.9997,0.9996000000000002
1654187925041338.2,0.9997,0.9995999999999999
1654187980102582.5,0.9997,0.9996
1654188011180624.0,0.9997,0.9996
1654188069494890.5,0.9997,0.9996
1654188139293607.0,0.9997,0.9996
1654188191795102.2,0.9997,0.9995999999999999
1654188262774174.0,0.9997,0.9996
1654188322598787.8,0.9997,0.9996
1654188380201809.5,0.9997,0.9995999999999999
1654188444375962.5,0.9997,0.9995999999999999
1654188505699009.0,0.9997000000000001,0.9996000000000002
1654188553559078.5,0.9997,0.9995999999999999
1654188626083335.8,0.9996999999999999,0.9996
1654188679557480.5,0.9997,0.9996
1654188744357956.2,0.9997,0.9996
1654188798826827.8,0.9997,0.9996000000000002
1654188859885260.2,0.9997,0.9996
1654188913816183.5,0.9997,0.9996
1654188989413971.2,0.9997000000000001,0.9996
1654189050847718.8,0.9997,0.9996
1654189105094265.5,0.9997,0.9995999999999999
1654189163191851.0,0.9997,0.9996000000000002
1654189229238358.5,0.9997,0.9996
1654189291518273.5,0.9997,0.9996
1654189349827678.8,0.9997,0.9996
1654189411798703.8,0.9997,0.9996
1654189473280312.0,0.9997,0.9995999999999999
1654189526148063.5,0.9997,0.9996
1654189593502461.2,0.9997,0.9996
1654189654898890.2,0.9997000000000001,0.9996
1654189717623696.2,0.9997,0.9996
1654189762076267.8,0.9997,0.9995999999999999
1654189830916862.2,0.9997,0.9995999999999999
1654189897995413.0,0.9997,0.9996000000000002
1654189959492091.2,0.9997,0.9996
1654190019996602.8,0.9997000000000001,0.9996000000000002
1654190076947719.8,0.9997,0.9995999999999999
1654190134295664.2,0.9997,0.9995999999999999
1654190192766133.0,0.9997,0.9996
1654190260637744.5,0.9997,0.9996000000000002
1654190302243470.2,0.9997,0.9996
1654190370406547.0,0.9997000000000001,0.9996000000000002
1654190435325802.8,0.9997,0.9996
1654190497200572.8,0.9997000000000001,0.9996
1654190547235958.8,0.9997,0.9996000000000002
1654190618009516.5,0.9997,0.9996
1654190659650886.0,0.9997,0.9996
1654190735011772.8,0.9997000000000001,0.9996000000000002
1654190799496734.5,0.9997,0.9996
1654190863740055.8,0.9997,0.9996
1654190922761420.2,0.9997,0.9995999999999999
1654190972951029.5,0.9997000000000001,0.9996000000000002
1654191043282247.2,0.9997000000000001,0.9996
1654191089558739.8,0.9997,0.9995999999999999
1654191150242440.8,0.9996999999999999,0.9996
1654191198611596.2,0.9997000000000001,0.9996000000000002
1654191270347142.5,0.9996847457627118,0.9995457627118645
1654191327119729.2,0.9996968253968255,0.9995873015873017
1654191385677338.5,0.9997,0.9996
1654191450180760.0,0.9997,0.9996
1654191515179018.8,0.9997,0.9996
1654191563729659.5,0.9997,0.9996
1654191623933689.0,0.9997000000000001,0.9996000000000002
1654191680159690.0,0.9997,0.9996
1654191741715743.2,0.9997,0.9996
1654191823845224.0,0.9997,0.9996
1654191862365760.5,0.9997,0.9996
1654191928512206.2,0.9997000000000001,0.9996000000000002
1654191986366149.2,0.9996916666666666,0.9995229166666667
1654192049546962.8,0.9996862068965517,0.9995689655172414
1654192110311904.5,0.9997,0.9996000000000002
1654192175408531.2,0.9997000000000001,0.9996
1654192239144339.0,0.9997,0.9996000000000002
1654192296822223.5,0.9997,0.9996
1654192358617468.8,0.9997000000000001,0.9996000000000002
1654192413417829.8,0.9997,0.9996000000000002
1654192473803640.8,0.9997,0.9996
