timestamp_x,ask_price,bid_price
1648771232707534.0,0.01246,0.01245
1648771294928458.2,0.01245875,0.012446666666666667
1648771357787523.8,0.012451666666666668,0.012441190476190475
1648771411134571.5,0.012465892857142858,0.012453928571428572
1648771465749613.8,0.012504545454545456,0.012490000000000001
1648771527375652.2,0.012518695652173914,0.012503913043478261
1648771591153458.2,0.012535,0.012519166666666666
1648771639735481.5,0.012537777777777778,0.01252074074074074
1648771705578571.5,0.012525714285714286,0.01251190476190476
1648771774369355.5,0.01253,0.012514666666666667
1648771823450706.0,0.012527647058823529,0.012515588235294119
1648771890812674.0,0.01253,0.01252
1648771951779477.0,0.01253090909090909,0.012515681818181818
1648772011353853.0,0.01255,0.01253970588235294
1648772071518206.0,0.0125325,0.012518676470588236
1648772131608100.0,0.012523666666666666,0.01251
1648772185134000.0,0.01253,0.012519999999999998
1648772265579437.5,0.0125315625,0.0125115625
1648772300340208.2,0.0125325,0.01251
1648772359507222.2,0.012522222222222221,0.01251
1648772445631678.5,0.012535000000000001,0.012516785714285715
1648772476015560.0,0.012534400000000001,0.012516000000000001
1648772552203714.2,0.012527142857142856,0.012514285714285714
1648772609947700.0,0.0125345,0.0125195
1648772669222785.8,0.012555,0.012539285714285715
1648772721191222.2,0.01256,0.012548888888888889
1648772796331222.2,0.012556666666666667,0.012543333333333333
1648772852355000.0,0.01255,0.012536428571428572
1648772908218240.0,0.01255,0.01253
1648772965012158.0,0.012546842105263158,0.012533157894736843
1648773029398521.8,0.012541739130434782,0.01253
1648773093307736.8,0.012530526315789473,0.01251842105263158
1648773148073923.0,0.012507179487179486,0.01249102564102564
1648773211446000.0,0.01249,0.012477647058823529
1648773288350037.0,0.012482962962962963,0.012463703703703703
1648773334943591.8,0.012483521126760563,0.012464929577464789
1648773395276387.0,0.01249225806451613,0.012474516129032259
1648773442347849.0,0.012518490566037734,0.012503396226415095
1648773508317800.0,0.01252257142857143,0.012510285714285715
1648773566673307.8,0.01253025641025641,0.01251948717948718
1648773631896894.8,0.01253,0.01252
1648773687511605.2,0.01253,0.01252
1648773746368423.0,0.012536153846153846,0.012524230769230768
1648773815347166.8,0.012557962962962963,0.01254425925925926
1648773874971951.2,0.012565121951219513,0.012550000000000002
1648773935687294.0,0.012568823529411764,0.012553529411764706
1648773991020625.0,0.012567499999999999,0.01255
1648774056890222.2,0.01256,0.01255
1648774113323875.0,0.01256,0.01255
1648774172550583.2,0.0125725,0.012552916666666665
1648774218833285.8,0.01259,0.01257
1648774300095117.8,0.012593529411764707,0.012574705882352941
1648774336191527.8,0.012615833333333333,0.012597500000000001
1648774423650982.5,0.01265051724137931,0.012631724137931033
1648774462770653.0,0.012656530612244898,0.012644897959183674
1648774525202264.2,0.012639245283018869,0.012621698113207548
1648774580453000.0,0.012619999999999998,0.012602608695652174
1648774660924714.5,0.012634081632653062,0.012621020408163265
1648774711294985.5,0.012636142857142858,0.012623142857142857
1648774770053031.2,0.0126396875,0.012625
1648774837899064.5,0.012642258064516129,0.012629354838709679
1648774873790739.2,0.012638695652173914,0.012621739130434783
1648774952321500.0,0.01263,0.01261
1648775007732956.5,0.012620434782608695,0.012600869565217393
1648775068419555.5,0.01262,0.0126
1648775128418000.0,0.01262,0.0126
1648775190942826.2,0.012644927536231886,0.012629420289855073
1648775252716166.8,0.012631666666666668,0.01262090909090909
1648775301494105.2,0.012644736842105262,0.01263
1648775373047000.0,0.01264,0.0126225
1648775422737600.0,0.0126385,0.012619999999999998
1648775495015120.0,0.01264,0.012629600000000001
1648775552473473.8,0.01264,0.012628684210526316
1648775606149320.0,0.0126316,0.0126188
1648775660926525.0,0.012656249999999999,0.01264525
1648775725309041.8,0.012665000000000001,0.012655
1648775782138533.2,0.012678,0.012668
1648775846658733.2,0.012679333333333332,0.012664666666666666
1648775919149105.2,0.012677368421052632,0.012662631578947368
1648775972200833.2,0.012680000000000002,0.01267
1648776033132285.8,0.012677142857142857,0.012666428571428573
1648776092367095.2,0.01268,0.01267
1648776153177459.5,0.01268,0.01267
1648776207071444.5,0.01268,0.01267
1648776267355333.2,0.01268,0.01267
1648776331941766.2,0.01268,0.012670000000000002
1648776384474367.2,0.012673469387755102,0.012663469387755102
1648776455016339.5,0.012653928571428571,0.012642500000000001
1648776508699204.2,0.01264659090909091,0.012634545454545454
1648776567431862.0,0.012647241379310344,0.012635344827586208
1648776628613525.0,0.012646750000000002,0.01263175
1648776692203531.2,0.01265,0.01264
1648776742396400.0,0.012653000000000001,0.012641
1648776804597889.0,0.01265,0.01264
1648776864594428.5,0.01265,0.01264
1648776929136500.0,0.01265,0.01264
1648776991695764.8,0.01265,0.01264
1648777040719031.2,0.012641875,0.01263
1648777132370928.5,0.012633571428571428,0.012621428571428572
1648777170213764.0,0.012655277777777777,0.012637916666666667
1648777219840681.8,0.012629545454545454,0.012615909090909089
1648777282246769.2,0.012623076923076923,0.01261
1648777346044285.8,0.012620000000000001,0.01261
1648777406390678.5,0.012591071428571427,0.012577857142857142
1648777464800333.2,0.012575,0.012565
1648777534446250.0,0.01258,0.01257
1648777582279666.8,0.01258,0.01257
1648777644991555.5,0.012565555555555556,0.012554444444444444
1648777707182091.0,0.01256,0.01255
1648777769729700.0,0.012573499999999998,0.012559999999999998
1648777834429250.0,0.012569166666666666,0.012555000000000002
1648777894861333.2,0.012541,0.012524666666666667
1648777949975651.2,0.01251232558139535,0.012497441860465117
1648778009939134.8,0.012489807692307692,0.012478653846153846
1648778064340513.5,0.012471081081081081,0.012455135135135135
1648778132028268.2,0.01247609756097561,0.012457073170731707
1648778193462093.8,0.012486875,0.01247
1648778258994250.0,0.01248875,0.01247
1648778312178900.0,0.0124715,0.012461
1648778354910863.8,0.012458636363636364,0.012443181818181819
1648778435086170.8,0.012453658536585364,0.012438780487804876
1648778486440000.0,0.012449518072289155,0.012434939759036145
1648778550658573.8,0.01245235294117647,0.01244
1648778603514378.0,0.012456666666666666,0.012440888888888888
1648778669398966.8,0.012476,0.012464333333333332
1648778721539820.5,0.012482051282051283,0.01246846153846154
1648778785544714.2,0.012485714285714286,0.012474285714285714
1648778849125571.5,0.012481428571428572,0.01247
1648778912395833.2,0.01248,0.01247
1648778970121444.5,0.012471111111111112,0.012459444444444445
1648779035439774.2,0.01246,0.01244741935483871
1648779083407238.0,0.01247904761904762,0.012468095238095238
1648779162445333.2,0.012467916666666667,0.012456666666666666
1648779210768187.5,0.01246,0.01245
1648779273444500.0,0.01245,0.012437857142857143
1648779327124266.8,0.012458666666666667,0.012446
1648779395961419.2,0.012463548387096774,0.012451612903225807
1648779434706937.5,0.012456875000000001,0.012444374999999999
1648779507331000.0,0.012440625,0.012430625
1648779567012091.0,0.01244,0.012429999999999998
1648779625887363.8,0.012434545454545455,0.012424545454545455
1648779694151843.8,0.01243,0.01242
1648779755401818.2,0.012429636363636363,0.012419636363636364
1648779806640209.5,0.012422419354838711,0.01241
1648779875259234.0,0.01242,0.01241
1648779929806517.2,0.01242,0.01241
1648779986007106.5,0.012404787234042553,0.01239404255319149
1648780050701647.0,0.012378823529411765,0.012368823529411765
1648780110997538.5,0.012362307692307692,0.012351846153846154
1648780163185062.8,0.012350208333333333,0.01233875
1648780230208342.5,0.012262702702702702,0.01224099099099099
1648780287927448.2,0.012123310344827587,0.012104758620689656
1648780351418763.2,0.01207320610687023,0.012056717557251908
1648780406449392.8,0.012078333333333333,0.012065357142857143
1648780471192936.2,0.012120531914893616,0.012109787234042553
1648780524122104.0,0.012150833333333333,0.012136875
1648780592036742.0,0.012170322580645161,0.01216032258064516
1648780648980333.2,0.012187833333333334,0.012177666666666667
1648780712503589.0,0.01222013698630137,0.012207671232876713
1648780768973877.5,0.012245918367346939,0.012233877551020409
1648780827243923.0,0.012244615384615385,0.01223051282051282
1648780894383209.2,0.01225232558139535,0.01223813953488372
1648780950154147.0,0.01224470588235294,0.01223235294117647
1648781010199933.2,0.012246,0.012235333333333332
1648781061442846.2,0.012242307692307691,0.012232307692307692
1648781121986000.0,0.012244516129032258,0.012234193548387097
1648781199084500.0,0.01225,0.01224
1648781239416814.8,0.012254444444444445,0.012244444444444445
1648781317704220.2,0.0122264,0.012214800000000001
1648781371963152.5,0.012203389830508476,0.012190508474576272
1648781429844968.8,0.0121996875,0.012185
1648781477828440.0,0.012199999999999999,0.0121848
1648781543337793.0,0.012181379310344829,0.012166896551724137
1648781617474272.8,0.012161363636363637,0.01214340909090909
1648781675435822.0,0.01212904109589041,0.012112054794520547
1648781728336706.0,0.012094411764705883,0.012077941176470588
1648781794483029.5,0.012052941176470587,0.012037352941176471
1648781849858927.5,0.012055507246376813,0.012039855072463768
1648781905765673.8,0.012087608695652174,0.012075
1648781978972184.2,0.012024868421052631,0.012003026315789473
1648782024786838.0,0.012022205882352942,0.012004264705882353
1648782086452040.8,0.012069999999999999,0.012053783783783783
1648782139624362.0,0.012097241379310345,0.012078793103448277
1648782216537878.0,0.012058536585365855,0.012044146341463415
1648782264394383.0,0.012034255319148937,0.012014893617021277
1648782340068059.2,0.012059900990099008,0.012048415841584158
1648782385064151.5,0.012057727272727274,0.012047045454545454
1648782450981788.0,0.012054242424242424,0.012038484848484849
1648782513971886.5,0.01208340909090909,0.012068636363636365
1648782568375448.2,0.01210551724137931,0.012086896551724138
1648782630863892.8,0.012087857142857142,0.012072142857142856
1648782690689904.8,0.01207,0.01205
1648782742284486.5,0.012106756756756758,0.012085945945945947
1648782804713066.8,0.012106,0.01209
1648782866271612.0,0.012107959183673469,0.012090612244897958
1648782929636516.2,0.012103870967741936,0.012091290322580646
1648782985413681.8,0.012114545454545454,0.01210181818181818
1648783058096875.0,0.0121275,0.01211
1648783108989363.8,0.012124545454545456,0.01211
1648783178238307.8,0.01212,0.012105384615384613
1648783232792000.0,0.01211681818181818,0.012104545454545453
1648783275824158.0,0.01212,0.012103684210526315
1648783357819722.2,0.012138888888888888,0.012122222222222222
1648783416330583.2,0.012156666666666668,0.01214
1648783469669200.0,0.0121536,0.012134
1648783531429604.0,0.012132916666666667,0.012115
1648783591471608.8,0.012118695652173913,0.012105
1648783658115243.2,0.012080270270270272,0.012064594594594595
1648783705068200.0,0.01207,0.012056
1648783779190918.5,0.012027551020408164,0.012007142857142859
1648783837325755.8,0.012048444444444445,0.012034888888888888
1648783879882842.0,0.01208,0.012068947368421054
1648783954866861.0,0.012096666666666665,0.012081944444444444
1648784017063500.0,0.012143235294117647,0.012125294117647059
1648784077509928.5,0.012173571428571428,0.012153571428571429
1648784128545100.0,0.01218,0.01216
1648784187940230.8,0.012175384615384616,0.012162307692307693
1648784253559277.8,0.01218,0.012163055555555557
1648784302757750.0,0.012173125,0.0121625
1648784361483900.0,0.0121995,0.012189499999999999
1648784429267941.2,0.012203823529411765,0.012188529411764706
1648784498627394.0,0.012195151515151516,0.01218121212121212
1648784546880772.8,0.01220090909090909,0.01218909090909091
1648784617594216.2,0.012208378378378378,0.012197027027027027
1648784658668503.0,0.012210000000000002,0.012196331360946748
1648784728536266.8,0.01221,0.01219
1648784794244666.8,0.01221,0.01219
1648784845275692.2,0.01221,0.01219
1648784921028864.5,0.012191525423728812,0.012172881355932204
1648784972207675.0,0.0121915,0.012173
1648785022988700.0,0.01219,0.012171999999999999
1648785092289739.2,0.012188260869565216,0.012173913043478262
1648785154662000.0,0.01219304347826087,0.01218
1648785224722555.5,0.012172777777777777,0.01215287037037037
1648785247988291.8,0.012169166666666667,0.01215
1648785314820250.0,0.012165,0.01215
1648785394081000.0,0.012161428571428573,0.01215
1648785451980774.8,0.012104788732394366,0.012092112676056338
1648785514368714.2,0.01209,0.012079999999999999
1648785572718911.2,0.012106444444444444,0.012092666666666668
1648785628079333.2,0.012136410256410256,0.012122051282051282
1648785688280288.0,0.012153220338983051,0.012135762711864407
1648785750864225.8,0.012179032258064515,0.012163548387096774
1648785811371014.0,0.012189859154929577,0.01217774647887324
1648785865413139.0,0.012200555555555555,0.012185
1648785921499591.0,0.012186363636363636,0.012168636363636364
1648785994068514.2,0.012174285714285714,0.012159428571428571
1648786050501692.2,0.012157692307692307,0.012145
1648786105149647.0,0.012161176470588236,0.012145588235294116
1648786165921000.0,0.01216,0.01215
1648786232273083.2,0.012150833333333333,0.012140833333333332
1648786281174923.0,0.012155384615384615,0.012145384615384615
1648786350941971.5,0.01216,0.012145428571428571
1648786406811866.8,0.012159333333333333,0.012149333333333333
1648786468895200.0,0.012154,0.01214
1648786533085963.0,0.012167777777777777,0.01214962962962963
1648786587403091.0,0.01217727272727273,0.012166363636363637
1648786655374454.5,0.012167727272727273,0.01215409090909091
1648786707190142.8,0.01216,0.01215
1648786771802722.2,0.012157222222222222,0.01214722222222222
1648786825499892.8,0.01215857142857143,0.012145
1648786884827687.5,0.01217,0.012154375
1648786949558363.8,0.01218103896103896,0.012162987012987013
1648787001933944.5,0.012165666666666667,0.012154444444444445
1648787058626476.8,0.012154883720930232,0.012142441860465114
1648787130852208.2,0.012152083333333332,0.01214125
1648787186909636.2,0.012155454545454546,0.012145454545454544
1648787243821333.2,0.01215,0.01214
1648787323353000.0,0.0121575,0.012146249999999999
1648787370919866.8,0.012165333333333334,0.012155333333333332
1648787427165158.0,0.012172631578947369,0.01216
1648787482411642.8,0.01217,0.01216
1648787556872500.0,0.01217,0.01216
1648787602461699.0,0.012169223300970875,0.012159126213592233
1648787664653121.2,0.012160606060606063,0.01215
1648787723762250.0,0.01216875,0.012158125
1648787785771000.0,0.01217,0.01216
1648787847361222.2,0.01217,0.01216
1648787903762571.5,0.012177142857142857,0.01216
1648787974595160.0,0.0121756,0.0121648
1648788041057500.0,0.012203333333333335,0.012193333333333334
1648788089283150.0,0.0122125,0.012202500000000002
1648788150690222.2,0.012226666666666667,0.012215555555555556
1648788221998133.2,0.012239333333333333,0.012227666666666666
1648788275134636.2,0.01225,0.012236363636363635
1648788329265818.2,0.01225,0.012235454545454544
1648788387705041.8,0.01225125,0.012239166666666667
1648788446466833.2,0.012244999999999999,0.012235000000000001
1648788505259562.5,0.0122425,0.01223
1648788553918800.0,0.01224,0.01223
1648788617019181.8,0.012236363636363635,0.012223636363636364
1648788673928087.0,0.01224,0.012228260869565218
1648788751848923.0,0.01224,0.012228461538461539
1648788822102437.5,0.012230892857142855,0.012220714285714284
1648788857139680.0,0.012228999999999999,0.012218
1648788925785411.8,0.012224117647058823,0.012212941176470588
1648788997654823.0,0.012249791666666668,0.012236041666666668
1648789050872611.0,0.012285555555555557,0.012269444444444444
1648789108517652.2,0.012291739130434784,0.012269565217391304
1648789152679130.5,0.012287826086956522,0.012272173913043478
1648789232062889.0,0.01228388888888889,0.012271111111111111
1648789284007666.8,0.012275,0.012263333333333334
1648789350692000.0,0.01227,0.012260000000000002
1648789401807294.0,0.012277647058823529,0.012261176470588235
1648789477200615.5,0.012297692307692308,0.012279615384615385
1648789527884864.8,0.01229054054054054,0.012273783783783783
1648789583940459.5,0.012273513513513513,0.01226
1648789650186339.5,0.01228377358490566,0.012268301886792453
1648789711797485.8,0.012299714285714285,0.01228857142857143
1648789762909041.0,0.012328163265306124,0.012312653061224489
1648789830089281.2,0.012325,0.0123103125
1648789880116394.8,0.012317894736842106,0.012303684210526316
1648789948302000.0,0.01232,0.0123
1648790009693333.2,0.012328484848484849,0.012308181818181817
1648790068290944.5,0.012320555555555555,0.01231
1648790130385444.5,0.01232,0.01231
1648790194295857.2,0.012324857142857143,0.01231
1648790244195100.0,0.012329000000000001,0.012315999999999999
1648790305544250.0,0.012329166666666667,0.01231
1648790376206969.8,0.01232909090909091,0.01231
1648790415776000.0,0.012329999999999999,0.01231952380952381
1648790487945875.0,0.01233,0.01232
1648790556940150.0,0.012322999999999999,0.0123115
1648790600251750.0,0.012328333333333335,0.0123175
1648790661667485.8,0.012334285714285714,0.01232342857142857
1648790721969121.2,0.012327878787878789,0.01231181818181818
1648790798229706.0,0.012332352941176471,0.012321764705882352
1648790845693079.0,0.012337894736842107,0.012325
1648790917761294.0,0.01233,0.01232
1648790965637300.0,0.01233,0.01232
1648791039245625.0,0.01233,0.01232
1648791092101142.8,0.012329999999999999,0.01232
1648791156984642.8,0.01234,0.012328571428571428
1648791213462826.0,0.012354347826086957,0.012339130434782608
1648791264677581.0,0.01236,0.01234
1648791332519370.2,0.012359999999999998,0.012340000000000002
1648791389119656.5,0.012372835820895524,0.012355373134328359
1648791445110910.0,0.012369700598802394,0.01235940119760479
1648791525428822.8,0.012350506329113923,0.01234
1648791575248218.8,0.01235,0.012339999999999999
1648791618492351.0,0.012347553191489363,0.012336914893617022
1648791687277233.2,0.012332000000000001,0.01232
1648791751643184.2,0.012325,0.012307894736842106
1648791806767174.0,0.01231695652173913,0.0123
1648791871388272.8,0.01232,0.0123
1648791928795321.5,0.01232,0.012302857142857143
1648791984202208.2,0.012311250000000001,0.0123
1648792051136727.2,0.01229709090909091,0.012282
1648792090540181.8,0.01231,0.012294545454545454
1648792165132500.0,0.01231,0.01229
1648792241823500.0,0.01231,0.01229
1648792304657500.0,0.012306666666666667,0.01229
1648792337031714.2,0.01231,0.01229
1648792401069166.8,0.012300833333333332,0.0122825
1648792466614692.2,0.01227,0.012255641025641025
1648792523248687.5,0.012263125,0.01225
1648792594312846.2,0.012260769230769231,0.01225
1648792653979925.0,0.012254,0.01223725
1648792709510928.5,0.012278571428571429,0.012262142857142857
1648792768924000.0,0.01228,0.012266666666666667
1648792826306782.5,0.012285217391304348,0.01227086956521739
1648792907140400.0,0.012290666666666667,0.012270666666666668
1648792957348376.8,0.01228,0.012269275362318841
1648793014828600.0,0.01228,0.01226
1648793073960818.2,0.012279999999999998,0.012261818181818181
1648793121358125.0,0.01228,0.01227
1648793194699666.8,0.01228,0.012269999999999998
1648793243957500.0,0.01228,0.01227
1648793316007636.2,0.012299090909090909,0.012286363636363635
1648793367456833.2,0.012291666666666666,0.012275833333333333
1648793429993421.0,0.012275263157894737,0.012263947368421053
1648793495643571.5,0.012252142857142856,0.0122375
1648793541763000.0,0.01224,0.012226923076923078
1648793605508555.5,0.012243333333333333,0.012228888888888888
1648793669634400.0,0.01224,0.01223
1648793732051625.0,0.01224625,0.01223
1648793800250937.5,0.012230156249999999,0.01221046875
1648793839834500.0,0.01223,0.012213
1648793901358181.8,0.01226,0.012246666666666666
1648793963755833.2,0.012269999999999998,0.01226
1648794043072818.2,0.012277272727272727,0.01226
1648794089934375.0,0.01228,0.012265
1648794156502230.8,0.012280000000000001,0.01226
1648794207059916.8,0.012288333333333333,0.012276666666666667
1648794273953909.0,0.012299545454545454,0.012286818181818182
1648794337501473.8,0.012314210526315789,0.012304210526315789
1648794389781920.0,0.01232,0.012309999999999998
1648794453499952.5,0.012335714285714287,0.012320952380952382
1648794512651600.0,0.01234,0.0123225
1648794567454419.8,0.012366000000000002,0.0123494
1648794636519354.8,0.012376129032258064,0.01236516129032258
1648794685408717.2,0.012389782608695653,0.012375652173913043
1648794744477583.2,0.012403333333333332,0.01239
1648794806369158.0,0.01239578947368421,0.012385263157894738
1648794872098757.5,0.0124,0.012384848484848485
1648794931642026.2,0.0124,0.01239
1648794985696105.2,0.012398157894736842,0.012382368421052631
1648795049834818.2,0.012385909090909092,0.01237068181818182
1648795108159375.0,0.01238,0.01237
1648795176705833.2,0.012388333333333335,0.012378333333333333
1648795237913368.5,0.01240078947368421,0.012390789473684211
1648795292188108.0,0.01241,0.0124
1648795356242128.2,0.01241974358974359,0.012409743589743588
1648795409187040.8,0.01242,0.012409999999999997
1648795469091285.8,0.01242190476190476,0.012411666666666668
1648795517436116.8,0.01243,0.01242
1648795591658400.0,0.012432,0.012418
1648795652484608.8,0.012416956521739131,0.012403478260869565
1648795716054476.2,0.012416190476190475,0.012406190476190475
1648795766003518.5,0.01242,0.012408148148148147
1648795832144000.0,0.01242,0.012407499999999998
1648795897879000.0,0.012427777777777779,0.012416666666666666
1648795948713333.2,0.012430000000000002,0.01242
1648796005150461.5,0.012433846153846155,0.012419999999999999
1648796062905600.0,0.0124335,0.012423
1648796136665812.5,0.012431875,0.01242
1648796187831916.8,0.01244,0.012430000000000002
1648796242471230.8,0.01244,0.012425384615384616
1648796322930605.2,0.012407631578947368,0.012391578947368422
1648796364425178.5,0.012416071428571429,0.012397857142857143
1648796424008894.8,0.01241157894736842,0.012395263157894737
1648796501967416.8,0.012405833333333333,0.01239
1648796548799838.8,0.012401612903225804,0.012389516129032259
1648796606898351.2,0.012393783783783783,0.012382702702702702
1648796658699958.2,0.012407083333333332,0.012394583333333334
1648796735701381.0,0.012410000000000001,0.012396666666666667
1648796794387625.0,0.01241,0.012395625
1648796850910000.0,0.01241,0.012396666666666667
1648796915999931.0,0.012402068965517241,0.01239103448275862
1648796968610680.0,0.0124084,0.0123968
1648797037577608.8,0.01241,0.012399565217391304
1648797100029500.0,0.01241,0.0124
1648797156947359.0,0.01244153846153846,0.012429230769230769
1648797202251425.0,0.01246975,0.012453
1648797264855476.2,0.012462380952380952,0.012449999999999998
1648797345791676.8,0.012432727272727272,0.012414444444444443
1648797383843622.5,0.012426000000000001,0.012410000000000001
1648797444025653.8,0.012419999999999999,0.012406923076923076
1648797515909800.0,0.012420000000000002,0.012407333333333333
1648797569109941.2,0.012422352941176471,0.012411176470588235
1648797617908142.8,0.01243,0.01242
1648797691462866.8,0.012436666666666667,0.012420000000000002
1648797752060357.2,0.012435,0.01242
1648797817516625.0,0.01244,0.01242
1648797871186058.8,0.01244,0.012427058823529413
1648797937566000.0,0.01244,0.012430000000000002
1648797992200000.0,0.012449374999999999,0.01243375
1648798052514706.0,0.012451176470588235,0.012435882352941175
1648798102559928.5,0.012452857142857142,0.012440357142857142
1648798165935105.2,0.012462105263157896,0.012451052631578948
1648798220804454.5,0.012464545454545456,0.01245181818181818
1648798288076833.2,0.01246,0.012449999999999998
1648798356937100.0,0.012453,0.012443
1648798411850900.0,0.01244,0.012428999999999999
1648798478004666.8,0.01244,0.012428333333333333
1648798538738666.8,0.01244,0.012428888888888889
1648798588231600.0,0.01244,0.01243
1648798658150500.0,0.01244,0.01243
1648798703895166.8,0.012436666666666667,0.012423888888888889
1648798771648281.2,0.01243625,0.012420625000000001
1648798823610125.0,0.01244,0.012427500000000001
1648798881581500.0,0.012432499999999999,0.0124225
1648798946440300.0,0.01243,0.012416
1648799010565384.5,0.01243,0.012419999999999999
1648799072095032.2,0.012428064516129033,0.012414516129032258
1648799133555054.0,0.01244027027027027,0.012424594594594595
1648799184701520.0,0.012456400000000001,0.0124424
1648799251945800.0,0.012458666666666667,0.012446666666666665
1648799313729041.8,0.01247,0.012453333333333332
1648799364979821.5,0.0124725,0.01246
1648799428024000.0,0.01247,0.01246
1648799488927652.2,0.01247,0.01246
1648799549798178.5,0.01247,0.01246
1648799603933136.2,0.012470000000000002,0.01246
1648799667204166.8,0.01247,0.01246
1648799733031772.8,0.012471818181818183,0.01246
1648799791180909.0,0.012470000000000002,0.01246
1648799839516315.8,0.012481052631578947,0.012466140350877194
1648799902389000.0,0.01248,0.01247
1648799976817178.5,0.012478928571428571,0.012468928571428572
1648800020855865.2,0.012486538461538462,0.012472115384615384
1648800094246619.0,0.012492857142857142,0.01247642857142857
1648800148710781.2,0.012495625,0.0124821875
1648800206692300.0,0.01251,0.012494333333333333
1648800263886359.0,0.012517179487179488,0.012505641025641027
1648800319413826.0,0.012525217391304348,0.012511739130434784
1648800393335409.0,0.012523181818181817,0.01251
1648800453922190.5,0.01252,0.01251
1648800515249473.8,0.012513157894736842,0.01250263157894737
1648800570497971.5,0.012515714285714286,0.012505428571428572
1648800626731666.8,0.012522962962962961,0.012511481481481481
1648800686652244.0,0.012531463414634146,0.01251951219512195
1648800752793166.8,0.01253,0.012519999999999998
1648800807555428.5,0.01253,0.01251857142857143
1648800871779300.0,0.01253,0.01252
1648800928487818.2,0.012534545454545454,0.012520000000000002
1648800994711353.0,0.012536470588235295,0.012523529411764706
1648801049640054.0,0.012547837837837838,0.012536486486486486
1648801118706736.2,0.012551779141104294,0.012532515337423314
1648801165791178.5,0.01256,0.01254214285714286
1648801210746600.0,0.012561333333333334,0.012543666666666668
1648801288748363.8,0.01257,0.012553636363636362
1648801341709687.5,0.01257,0.01255
1648801419354268.2,0.012581463414634146,0.012566585365853658
1648801465267769.2,0.012579230769230768,0.01256
1648801531974333.2,0.01258,0.01256
1648801585976978.0,0.012594565217391305,0.012578260869565218
1648801640778993.2,0.0126,0.01259
1648801696500231.8,0.012602195121951218,0.012583292682926829
1648801774159520.0,0.012591600000000001,0.012576799999999999
1648801828910010.8,0.012541739130434782,0.01252108695652174
1648801884006694.5,0.012485972222222221,0.012472083333333333
1648801955531900.0,0.01249,0.01247
1648801999719630.8,0.012492461538461539,0.012482153846153846
1648802071028901.8,0.012489508196721311,0.012476393442622951
1648802129603148.2,0.012482222222222221,0.012467037037037039
1648802193317500.0,0.012472142857142857,0.012462142857142857
1648802256919661.0,0.012456610169491527,0.012439661016949153
1648802303653312.5,0.012446875,0.012432499999999999
1648802367365353.0,0.01244,0.012422352941176471
1648802427673538.5,0.01244,0.012425384615384616
1648802503182446.8,0.01244,0.012420709219858156
1648802529551125.0,0.01244265625,0.012423125
1648802610566105.2,0.012452631578947368,0.012436842105263158
1648802676909954.5,0.012449545454545453,0.012432272727272726
1648802729160833.2,0.012463333333333335,0.012445714285714286
1648802790087763.2,0.012463947368421052,0.012448421052631579
1648802849460974.2,0.012431282051282052,0.012413333333333334
1648802916544230.8,0.012426923076923077,0.012411538461538462
1648802972724444.5,0.01242,0.01241
1648803036979904.8,0.012434761904761903,0.01242
1648803089012461.5,0.01243,0.012419999999999999
1648803146434680.0,0.012430000000000002,0.01242
1648803213171697.0,0.012428181818181817,0.012418181818181818
1648803261992523.8,0.012418095238095238,0.012404285714285715
1648803330383185.2,0.012414074074074074,0.01240111111111111
1648803386678500.0,0.012411249999999999,0.012400625
1648803451411428.5,0.01241,0.0124
1648803513407272.8,0.012407272727272727,0.012396363636363638
1648803583178469.2,0.012399489795918367,0.012380816326530611
1648803641749727.8,0.0124,0.01239
1648803679141793.0,0.012393103448275862,0.012382068965517242
1648803751149889.0,0.0124,0.01239
1648803795003484.5,0.012408906249999999,0.0123909375
1648803865851600.0,0.01241,0.0124
1648803932279166.8,0.01241,0.0124
1648803999728058.8,0.012411764705882353,0.012401764705882352
1648804055759000.0,0.012415,0.012400833333333333
1648804110502176.5,0.012417058823529411,0.012402941176470587
1648804171993444.5,0.012425555555555556,0.012413333333333334
1648804217361833.2,0.012430000000000002,0.01242
1648804289806031.2,0.0124528125,0.01243875
1648804349967260.8,0.01246304347826087,0.012447826086956522
1648804396795919.8,0.01246,0.01245
1648804479738909.0,0.012466363636363637,0.01245
1648804541321786.5,0.012460388349514562,0.012442621359223301
1648804576357687.2,0.012471250000000001,0.012450625
1648804663088642.0,0.012470597014925373,0.012460074626865672
1648804693473866.8,0.012468777777777778,0.01245688888888889
1648804776445655.2,0.01246,0.01245
1648804826221763.2,0.012456315789473683,0.012443684210526315
1648804877654071.5,0.012459642857142858,0.012443214285714285
1648804951661000.0,0.012463,0.012451
1648805014282625.0,0.012465,0.01245375
1648805069004750.0,0.01247,0.01246
1648805141525583.2,0.01245625,0.012440416666666667
1648805199282050.0,0.01245,0.012433
1648805248936489.0,0.012467111111111111,0.012451555555555554
1648805302050829.8,0.01247,0.01245
1648805376310421.0,0.012445263157894737,0.012424736842105263
1648805431638320.0,0.01244,0.01242
1648805486991840.0,0.01244,0.01242
1648805546431958.2,0.012430416666666666,0.0124175
1648805617349111.0,0.012414444444444443,0.012404444444444444
1648805665679687.5,0.01240875,0.01239875
1648805727374160.0,0.012427200000000001,0.0124108
1648805782040769.2,0.01243,0.012416923076923077
1648805853697800.0,0.012426666666666667,0.012416666666666666
1648805913334222.2,0.01243,0.01242
1648805966032461.5,0.012426153846153847,0.012413076923076923
1648806025999000.0,0.01242125,0.01241
1648806101550875.0,0.01242,0.012407499999999998
1648806142383363.8,0.012413636363636365,0.0124
1648806210048947.2,0.012406842105263157,0.012396842105263157
1648806275424744.8,0.012386382978723404,0.01236872340425532
1648806327795766.8,0.012380333333333333,0.012369333333333335
1648806398052866.8,0.01237975,0.012369166666666669
1648806443900240.0,0.0123756,0.0123584
1648806503853958.2,0.012353333333333332,0.012337083333333334
1648806568844913.0,0.012366956521739131,0.01234695652173913
1648806628343217.5,0.01237608695652174,0.012358260869565218
1648806688990158.0,0.01238,0.01236
1648806750222421.0,0.01237421052631579,0.01235578947368421
1648806829196190.5,0.012358214285714285,0.012344285714285716
1648806848875714.2,0.01237,0.012350816326530612
1648806933081909.0,0.01235181818181818,0.012336363636363638
1648806991871771.5,0.012366,0.012353142857142856
1648807055319340.2,0.012398510638297871,0.01238255319148936
1648807096719571.5,0.01241,0.0124
1648807175333500.0,0.01241,0.0124
1648807226770019.2,0.012403703703703703,0.012391111111111111
1648807280871937.5,0.0124,0.01239
1648807350575092.8,0.012389907407407407,0.012379907407407407
1648807423157333.2,0.01238,0.01237
1648807478552521.8,0.012389565217391305,0.012379565217391303
1648807519680333.2,0.012403333333333332,0.012388666666666666
1648807604288143.0,0.012409387755102039,0.012390816326530612
1648807638390666.8,0.012392121212121212,0.012377575757575757
1648807713198500.0,0.01238,0.012366818181818184
1648807768200230.8,0.01238,0.012360384615384615
1648807829081736.8,0.01238,0.012361052631578946
1648807889588579.0,0.01238,0.01236
1648807948811105.2,0.01238,0.01236
1648808008558967.8,0.01238,0.012369354838709677
1648808068354823.5,0.01238,0.01237
1648808119859071.5,0.012383571428571428,0.012368571428571428
1648808189728889.0,0.01238,0.012361666666666667
1648808243700590.2,0.012378524590163935,0.012360163934426228
1648808301837625.0,0.012393125,0.012379062500000001
1648808365742096.8,0.012409677419354838,0.012398709677419354
1648808431284407.5,0.012412962962962962,0.0124
1648808487463541.8,0.012417083333333334,0.012400833333333333
1648808549078260.8,0.012420869565217391,0.01241
1648808610375529.5,0.01242,0.01241
1648808674312703.8,0.012425555555555556,0.01241148148148148
1648808728058500.0,0.01243,0.012419999999999999
1648808789975875.0,0.01243,0.01242
1648808849952312.5,0.01243,0.01242
1648808910509458.2,0.012430000000000002,0.01242
1648808972201520.0,0.012430000000000002,0.01242
1648809031998166.8,0.01243,0.01242
1648809086980777.8,0.01243,0.01242
1648809144469625.0,0.012427500000000001,0.012413333333333332
1648809220041800.0,0.01243,0.012414
1648809279431000.0,0.012430000000000002,0.01242
1648809340393058.8,0.012448235294117647,0.012430588235294119
1648809383175818.2,0.01246,0.01244
1648809448584666.8,0.01246,0.01244
1648809505570451.5,0.01245967741935484,0.012441935483870967
1648809570010889.0,0.01245888888888889,0.01244
1648809617971266.8,0.012440666666666666,0.012426666666666667
1648809682867363.8,0.012429999999999998,0.01241
1648809756881272.8,0.01242909090909091,0.01241
1648809814344956.5,0.012424782608695653,0.01241
1648809872319120.0,0.012422800000000001,0.01241
1648809929519478.2,0.012410434782608695,0.0124
1648809986578500.0,0.0124105,0.0123985
1648810046904333.2,0.012417777777777778,0.012407777777777776
1648810115058236.8,0.012438684210526315,0.012425
1648810169394217.5,0.012453478260869566,0.012443478260869566
1648810212964833.2,0.01246,0.012448333333333332
1648810292617666.8,0.01246,0.01245
1648810357080363.8,0.01246,0.01245
1648810410928363.8,0.012462727272727275,0.012452727272727272
1648810472381509.8,0.012478823529411764,0.012461960784313726
1648810527048100.0,0.012488666666666667,0.012476
1648810594130718.0,0.012458974358974358,0.012440769230769231
1648810644684875.0,0.012441875,0.012424375
1648810700959060.5,0.012458939393939395,0.01244
1648810763901562.5,0.0124575,0.01244
1648810834604295.2,0.01246157894736842,0.012446315789473684
1648810892105647.0,0.012476470588235295,0.01246
1648810954520866.8,0.01248,0.01246
1648811011380718.8,0.01247875,0.012466875
1648811070445069.0,0.01247,0.01246
1648811137605964.2,0.01247,0.01246
1648811190347320.0,0.012470000000000002,0.01246
1648811246304320.0,0.012470000000000002,0.01246
1648811312698047.5,0.01247,0.01246
1648811369211936.5,0.01247,0.01246
1648811430611545.5,0.01247,0.01246
1648811490135490.2,0.01247,0.01246
1648811550454343.8,0.012470625,0.01246
1648811608251454.5,0.01248,0.01246939393939394
1648811671748000.0,0.012480769230769231,0.01247
1648811728236777.8,0.012480555555555555,0.01247
1648811791820636.2,0.012479999999999998,0.012470000000000002
1648811850789280.0,0.0124916,0.0124812
1648811900049457.2,0.0125,0.012489714285714285
1648811979102230.8,0.012506153846153846,0.012494230769230768
1648812027123878.0,0.012513658536585365,0.012503658536585367
1648812099643506.8,0.012529466666666666,0.01251
1648812136414558.2,0.012530697674418605,0.01251279069767442
1648812206334000.0,0.012540909090909092,0.012528409090909092
1648812264725062.5,0.01254,0.01253
1648812326202428.5,0.01254,0.01253
1648812395744941.2,0.01254,0.01253
1648812452796125.0,0.01254,0.01253
1648812515329631.5,0.01254263157894737,0.012531052631578948
1648812582773062.5,0.012548750000000001,0.012538750000000001
1648812628087708.2,0.012552500000000001,0.012540833333333334
1648812698004788.2,0.01254058823529412,0.012529764705882351
1648812769173400.0,0.012540666666666667,0.012526
1648812803612246.8,0.012546688311688313,0.012531233766233767
1648812860067452.5,0.01254214285714286,0.012528095238095237
1648812918047363.8,0.01254818181818182,0.012533181818181817
1648813000365694.0,0.01253938775510204,0.012521632653061224
1648813049707077.0,0.012534615384615385,0.012522564102564101
1648813109668538.5,0.012539999999999999,0.012529999999999998
1648813164687800.0,0.0125385,0.012528000000000001
1648813225675464.2,0.012539642857142859,0.012526428571428572
1648813292343900.0,0.01254,0.012525999999999999
1648813342992032.2,0.01253225806451613,0.012519032258064515
1648813410250562.5,0.01253,0.01252
1648813476654625.0,0.01253,0.012515625
1648813512377300.0,0.012530333333333333,0.012519
1648813583669789.5,0.01253578947368421,0.012522105263157895
1648813663789289.0,0.012530666666666666,0.012514444444444446
1648813725235152.0,0.012521195652173913,0.012502065217391304
1648813752213079.0,0.012512105263157894,0.012494736842105263
1648813832732269.2,0.01249846153846154,0.012484230769230768
1648813890834027.8,0.012483888888888888,0.012471944444444445
1648813957750333.2,0.01249,0.01248
1648814011266000.0,0.01249,0.01248
1648814068732000.0,0.01249,0.01248
1648814131772850.0,0.012489499999999999,0.012479500000000001
1648814177498125.0,0.01248875,0.01247875
1648814253289516.8,0.012589833333333333,0.012572333333333333
1648814297812240.0,0.012596000000000001,0.0125816
1648814371577333.2,0.012593333333333335,0.012581333333333333
1648814435086952.8,0.012596315789473685,0.012586315789473683
1648814488792937.5,0.0125625,0.012548125
1648814552913777.8,0.01252063492063492,0.01249936507936508
1648814611938508.0,0.012483278688524588,0.01246672131147541
1648814670993891.5,0.012496739130434783,0.01247804347826087
1648814735974542.8,0.01253,0.012515142857142858
1648814787445172.5,0.012554137931034482,0.012541379310344828
1648814835279000.0,0.01255,0.012531249999999999
1648814912097692.2,0.012575128205128204,0.01256051282051282
1648814968443647.0,0.012588823529411765,0.01257529411764706
1648815018080049.2,0.012536393442622952,0.012510983606557377
1648815083407473.8,0.012496842105263159,0.012478684210526315
1648815143794304.2,0.012508695652173914,0.012493913043478262
1648815198190589.8,0.012506153846153846,0.012487692307692307
1648815262385882.2,0.0125,0.01248
1648815324910789.5,0.0125,0.012486842105263157
1648815385935444.5,0.012508333333333335,0.012498333333333334
1648815446647954.5,0.01251,0.0125
1648815514582973.8,0.012517368421052631,0.01250421052631579
1648815577649508.2,0.01272885593220339,0.012706271186440677
1648815629550932.8,0.0128040756302521,0.012788235294117647
1648815689485897.0,0.012830557939914163,0.012814849785407726
1648815750240470.2,0.012844569536423841,0.012830927152317881
1648815809327709.8,0.012808467741935484,0.012795967741935484
1648815870348179.8,0.0127657,0.01274305
1648815925982542.8,0.012726214285714285,0.012708428571428572
1648815989081171.0,0.01275328947368421,0.012735263157894736
1648816048270146.0,0.0127553125,0.012738645833333333
1648816115943317.0,0.012794859154929577,0.012773239436619718
1648816175340658.0,0.012793947368421052,0.012776315789473684
1648816232659731.8,0.01279680412371134,0.012783711340206184
1648816291124521.2,0.012859571428571429,0.012841571428571428
1648816348735019.5,0.012800970873786408,0.01278980582524272
1648816413477043.5,0.012875760869565218,0.012858478260869565
1648816468204108.2,0.012967168674698796,0.012952289156626506
1648816527307409.8,0.013014666666666667,0.012997428571428571
1648816592297193.8,0.012990537634408604,0.012974301075268816
1648816646619232.0,0.0129388,0.01292064
1648816707320901.8,0.012958035714285715,0.012934107142857143
1648816771759239.0,0.012963695652173913,0.01294586956521739
1648816837691254.2,0.012942881355932204,0.01292457627118644
1648816890353058.2,0.012888720930232559,0.012874302325581398
1648816946515942.8,0.012861571428571429,0.012839142857142856
1648817007556423.0,0.012886923076923077,0.012866923076923078
1648817069130290.0,0.01286083969465649,0.012839847328244275
1648817122141304.2,0.012843695652173914,0.012825
1648817187397112.8,0.012865211267605633,0.012847605633802817
1648817248433300.0,0.012848,0.012828
1648817305577000.0,0.012855833333333334,0.0128375
1648817368008597.0,0.012863432835820896,0.012841940298507463
1648817427651470.5,0.012883137254901962,0.012864313725490196
1648817496907614.2,0.012897285714285714,0.012880714285714287
1648817547116409.0,0.012913545454545455,0.012893454545454545
1648817613772723.5,0.01289936170212766,0.012881702127659574
1648817671013851.8,0.01291,0.012893703703703704
1648817734148650.0,0.01291775,0.0129055
1648817786423840.0,0.012931466666666667,0.012920399999999999
1648817843177285.8,0.012890952380952381,0.012872142857142856
1648817916283807.0,0.012921228070175438,0.01290719298245614
1648817955763603.2,0.012937758620689655,0.01292
1648818020135479.2,0.0129385,0.012923166666666668
1648818093684973.8,0.01295921052631579,0.012944473684210527
1648818155484515.5,0.01298375,0.012966875
1648818205105906.2,0.012956249999999999,0.0129375
1648818274872391.8,0.012964324324324324,0.012948918918918919
1648818330354033.5,0.012981111111111112,0.012961444444444442
1648818376918428.5,0.012974761904761904,0.012959999999999998
1648818444797764.8,0.01296,0.012944705882352942
1648818510044170.2,0.012918723404255318,0.012900212765957448
1648818569488966.8,0.012882000000000001,0.012865
1648818633932807.8,0.012868076923076923,0.012851538461538461
1648818688378984.2,0.012852834645669291,0.012834094488188976
1648818739790706.0,0.01286,0.012841764705882353
1648818813393142.8,0.012866285714285714,0.012847428571428572
1648818859591236.8,0.012880263157894738,0.012863684210526315
1648818926575050.0,0.012879999999999999,0.0128695
1648818988454130.5,0.012883913043478263,0.012873478260869566
1648819052137111.0,0.012901666666666665,0.01288138888888889
1648819113142037.8,0.01290566037735849,0.012890943396226416
1648819165739893.8,0.012941914893617021,0.012926595744680852
1648819228692347.0,0.012935277777777776,0.01292388888888889
1648819288422175.0,0.01294125,0.012929833333333333
1648819341061774.0,0.012948387096774193,0.012935376344086022
1648819409662030.2,0.01295,0.01293939393939394
1648819480718023.8,0.012973809523809523,0.012958095238095239
1648819525632744.2,0.012973720930232557,0.012956511627906977
1648819593116193.5,0.012972903225806453,0.012958387096774193
1648819639822508.0,0.01300111111111111,0.012984444444444444
1648819707531372.0,0.01300186046511628,0.012991162790697675
1648819765625366.8,0.013021333333333333,0.013009333333333335
1648819829856595.8,0.013040212765957447,0.01302595744680851
1648819886447071.5,0.013040000000000001,0.013024761904761904
1648819949283575.8,0.013037272727272727,0.013021515151515152
1648820019840037.0,0.01302925925925926,0.013015185185185185
1648820072390395.2,0.013032558139534883,0.013018139534883722
1648820131354563.5,0.013009636363636364,0.012994727272727272
1648820186703052.8,0.013016052631578947,0.013002894736842106
1648820249768681.8,0.013015454545454545,0.013002727272727272
1648820310498714.2,0.013010476190476192,0.013000476190476189
1648820370938000.0,0.013005862068965517,0.012991379310344827
1648820431869281.2,0.013004375,0.01299
1648820480601027.8,0.013013888888888889,0.012995833333333333
1648820554024478.2,0.013018695652173914,0.013005652173913043
1648820610887687.5,0.01302625,0.013013750000000001
1648820667490105.2,0.013018947368421052,0.013001052631578946
1648820727257520.0,0.013018400000000001,0.0130024
1648820792035521.8,0.013015652173913045,0.013005217391304348
1648820855638833.2,0.013009722222222223,0.012995555555555555
1648820912973190.5,0.01301,0.012989999999999998
1648820970753081.0,0.013022432432432432,0.013010540540540542
1648821036940408.2,0.01303122448979592,0.013014897959183674
1648821090811967.2,0.013021311475409835,0.01300327868852459
1648821149973000.2,0.013,0.012984363636363636
1648821211710909.0,0.012977272727272728,0.01296340909090909
1648821268231230.8,0.012973461538461538,0.01296153846153846
1648821323661216.2,0.012965405405405405,0.012952432432432432
1648821385210153.8,0.01296,0.01295
1648821445514342.8,0.012968285714285715,0.012958285714285714
1648821512197437.5,0.012973125,0.01296
1648821559207750.0,0.012976666666666666,0.012964166666666666
1648821630236241.2,0.01299,0.0129776
1648821684999074.0,0.01299148148148148,0.012976666666666668
1648821746991520.0,0.013005599999999999,0.012991599999999999
1648821807283600.0,0.012995000000000001,0.012984
1648821877918878.8,0.012985454545454547,0.012975454545454545
1648821928471641.0,0.012992051282051281,0.012977179487179488
1648821978916291.8,0.0130025,0.012989583333333332
1648822054583113.0,0.012997924528301888,0.012984339622641509
1648822113704319.2,0.013010638297872341,0.013
1648822170884972.2,0.013038333333333334,0.013022777777777779
1648822227642000.0,0.013027037037037037,0.013013333333333333
1648822285439133.2,0.013027333333333333,0.013012666666666667
1648822361586166.8,0.013042222222222222,0.013032222222222223
1648822419074757.5,0.013074545454545455,0.013055757575757576
1648822467547698.0,0.013086415094339622,0.013073584905660376
1648822534242323.5,0.013089411764705882,0.013078823529411764
1648822592505374.8,0.013068928571428573,0.013053928571428572
1648822644086538.5,0.013097307692307693,0.013083846153846153
1648822706246296.2,0.013078888888888888,0.013062222222222222
1648822760974911.8,0.013066176470588236,0.013054705882352942
1648822835358701.8,0.013062280701754386,0.013043684210526315
1648822886322666.8,0.01303,0.01301717948717949
1648822947859833.2,0.013050833333333333,0.01303625
1648823011562822.5,0.013065555555555554,0.013052666666666667
1648823067099277.8,0.013052222222222222,0.013036666666666667
1648823131617743.5,0.013048974358974359,0.013034358974358975
1648823186995475.0,0.01304775,0.0130335
1648823246382533.2,0.013048333333333334,0.013036666666666667
1648823309846862.0,0.013043448275862068,0.013033448275862069
1648823366674750.0,0.013076666666666667,0.013060277777777777
1648823433060872.2,0.01311936170212766,0.013105531914893616
1648823490180000.0,0.01312,0.01310764705882353
1648823550393814.8,0.013122222222222223,0.013110370370370371
1648823609138526.2,0.013126315789473684,0.013113947368421053
1648823667230318.2,0.013115,0.013102272727272728
1648823731489161.2,0.01315483870967742,0.01314483870967742
1648823792592821.2,0.013250105263157893,0.01323336842105263
1648823841667796.2,0.013188932038834951,0.013164174757281552
1648823912122447.2,0.013167368421052632,0.013154736842105262
1648823981465821.5,0.013170357142857142,0.013159821428571429
1648824026113697.0,0.013194242424242424,0.01318030303030303
1648824092019468.8,0.013235,0.01322
1648824149617084.2,0.01325277108433735,0.013237349397590362
1648824208902209.5,0.0133175,0.01330274193548387
1648824266703344.2,0.013323118279569892,0.013307096774193549
1648824339357988.8,0.013273977272727272,0.013257727272727272
1648824391182139.5,0.013252093023255813,0.013240697674418605
1648824450875071.5,0.013244285714285714,0.013230714285714287
1648824509475655.2,0.013236379310344827,0.013218103448275863
1648824567958866.5,0.013242,0.013224444444444443
1648824623748487.2,0.01324948717948718,0.013234871794871797
1648824691529837.8,0.013251891891891892,0.013232432432432434
1648824752340733.2,0.013274444444444446,0.013252666666666666
1648824802853537.2,0.013278888888888889,0.01326037037037037
1648824865894907.0,0.013215348837209302,0.013193023255813953
1648824920150138.0,0.01318448275862069,0.013164827586206896
1648824996542314.2,0.013172285714285715,0.013154
1648825045945272.8,0.013159696969696969,0.01314
1648825106994739.2,0.013174782608695652,0.013157391304347826
1648825176410055.8,0.013226296296296295,0.01321037037037037
1648825233824978.0,0.013274565217391305,0.01325891304347826
1648825281005207.0,0.013277931034482758,0.013265172413793103
1648825352398265.5,0.013265510204081633,0.013248367346938777
1648825420088981.8,0.013265636363636363,0.013246545454545454
1648825466566451.5,0.013263548387096773,0.013247096774193548
1648825530552285.8,0.01326,0.013244761904761905
1648825598502030.2,0.013271515151515152,0.013258181818181818
1648825650773351.2,0.013281621621621623,0.013265405405405405
1648825699807750.0,0.01328125,0.013269583333333335
1648825766039938.5,0.013312244897959184,0.013296122448979592
1648825831062523.0,0.01334076923076923,0.013323384615384615
1648825889086564.0,0.013336410256410258,0.01332102564102564
1648825944471223.5,0.013323764705882353,0.013304000000000002
1648826014121766.8,0.013276000000000001,0.013258333333333334
1648826061921585.2,0.013271463414634147,0.013256829268292683
1648826138887087.0,0.01325086956521739,0.013235652173913042
1648826184752364.8,0.013279411764705882,0.01326235294117647
1648826251563033.2,0.013285333333333335,0.013272333333333334
1648826309943000.0,0.013279677419354837,0.013266451612903227
1648826373745608.8,0.013285217391304349,0.013266086956521738
1648826431080720.0,0.0132876,0.0132732
1648826495197091.0,0.013296060606060606,0.013283636363636362
1648826550832354.8,0.013313225806451614,0.013303225806451612
1648826614550487.2,0.013305641025641024,0.013291538461538462
1648826674292555.5,0.013303703703703703,0.013286296296296296
1648826735385742.5,0.013299848484848484,0.013280151515151516
1648826802775652.2,0.01328,0.013268260869565217
1648826833637870.2,0.01326922077922078,0.013251168831168832
1648826912437153.8,0.013276923076923077,0.013262307692307693
1648826971438806.5,0.013305806451612903,0.013285806451612904
1648827037913625.0,0.013361406250000001,0.01334296875
1648827096653573.0,0.013298252427184467,0.013279223300970875
1648827139173575.0,0.013263,0.013244500000000001
1648827221980000.0,0.013276,0.01326
1648827264371382.2,0.013279117647058823,0.013261764705882351
1648827329610179.5,0.013285897435897436,0.01326948717948718
1648827392975368.5,0.013283684210526316,0.013266315789473685
1648827447277160.0,0.01328,0.013262000000000001
1648827512375046.5,0.013310232558139535,0.013299534883720932
1648827572522015.5,0.01337203125,0.0133584375
1648827630801342.8,0.013384285714285713,0.013368571428571428
1648827692142390.2,0.01339609756097561,0.013381463414634146
1648827749879347.8,0.013396739130434784,0.013384565217391304
1648827813245909.0,0.01339,0.013375
1648827876217666.8,0.013390952380952382,0.01338
1648827924713172.5,0.01338655172413793,0.013373793103448276
1648827988252833.2,0.013379999999999998,0.013365416666666666
1648828048253523.8,0.013376666666666667,0.013358095238095238
1648828107142025.0,0.013345000000000001,0.01333
1648828172959666.8,0.013306666666666666,0.01329625
1648828226566122.0,0.01327658536585366,0.013260975609756096
1648828301040383.5,0.013284520547945206,0.013266849315068493
1648828347106317.5,0.013392380952380952,0.013370634920634922
1648828410548060.2,0.0134252,0.013413
1648828481227717.5,0.013436739130434782,0.013418043478260868
1648828535742520.2,0.013413983739837399,0.013394634146341464
1648828606313829.0,0.013410394736842106,0.013391184210526316
1648828650023333.2,0.01337051282051282,0.013356153846153846
1648828696910571.5,0.013331428571428572,0.013321428571428571
1648828767474307.8,0.01335423076923077,0.013337115384615385
1648828824811579.0,0.013365789473684211,0.013350526315789474
1648828890535080.0,0.01337,0.0133528
1648828953880655.2,0.01337206896551724,0.013360689655172415
1648829002128925.0,0.013403499999999999,0.0133875
1648829069611526.2,0.01341842105263158,0.013406315789473685
1648829122337583.2,0.013417916666666667,0.013406666666666666
1648829195188000.0,0.013425925925925926,0.013415925925925927
1648829239242863.8,0.013452727272727272,0.013440454545454545
1648829308318720.0,0.0134636,0.01345
1648829366340000.0,0.013527,0.013508299999999999
1648829433001341.5,0.013509512195121951,0.013496097560975612
1648829490826500.0,0.013510588235294118,0.013499411764705883
1648829551674742.0,0.01355516129032258,0.013543548387096774
1648829602169180.5,0.013589722222222222,0.013570277777777778
1648829669916930.2,0.013594651162790695,0.013576976744186047
1648829727058851.8,0.0136,0.01358
1648829791346000.0,0.0136,0.01358
1648829850704731.2,0.0136344776119403,0.013617611940298507
1648829907146750.0,0.013626911764705882,0.013612941176470588
1648829971457439.0,0.013605934959349593,0.01358910569105691
1648830028443406.8,0.013649152542372882,0.013633389830508475
1648830089341654.8,0.013652181818181819,0.013634909090909092
1648830145969725.0,0.01365575,0.013643125
1648830217185696.2,0.013731333333333333,0.013714074074074073
1648830268521113.5,0.01379381443298969,0.013780206185567011
1648830329766189.2,0.013787162162162164,0.013772837837837839
1648830388649744.2,0.013813255813953488,0.013798720930232558
1648830448087809.2,0.013840328947368422,0.013820263157894738
1648830515983771.0,0.013924337349397591,0.013905180722891564
1648830573062335.2,0.01394635294117647,0.013932058823529412
1648830624421453.0,0.01387703125,0.01385890625
1648830687601765.5,0.013968203125,0.01394703125
1648830745972829.0,0.013980131578947367,0.013960394736842107
1648830806967191.5,0.01398904255319149,0.013974574468085105
1648830872848877.2,0.013907631578947368,0.01389201754385965
1648830930169355.0,0.013729078341013825,0.013707741935483872
1648830986954910.0,0.01358873873873874,0.013569009009009009
1648831046529708.5,0.01375212962962963,0.013728379629629629
1648831111576269.2,0.01366679487179487,0.013649615384615385
1648831172161101.5,0.013695084745762712,0.013673559322033898
1648831221699521.8,0.013712318840579711,0.013692028985507245
1648831291289933.0,0.01382955223880597,0.013806492537313433
1648831356566096.5,0.013894912280701754,0.013872631578947369
1648831409942967.8,0.013895591397849462,0.013877096774193548
1648831473161808.2,0.013932626262626263,0.013916161616161615
1648831531823889.0,0.013824615384615385,0.013805213675213675
1648831588812377.5,0.013741777777777778,0.013726666666666665
1648831655583068.2,0.01373181818181818,0.01371681818181818
1648831705719570.0,0.013668130841121496,0.01365196261682243
1648831771961031.5,0.013628412698412699,0.01360968253968254
1648831828054300.0,0.013674714285714287,0.013654571428571429
1648831890310051.2,0.01364846153846154,0.013628205128205128
1648831963940703.8,0.013627407407407408,0.013611481481481481
1648832016418738.2,0.013612616822429906,0.013591869158878504
1648832067556574.8,0.013589148936170213,0.013564893617021276
1648832129682827.0,0.013593846153846153,0.013575192307692309
1648832198076324.2,0.013588918918918919,0.013573783783783783
1648832246150063.5,0.013556031746031745,0.013541111111111111
1648832310580520.0,0.0135592,0.0135452
1648832380423166.8,0.013564166666666667,0.013550416666666667
1648832424916947.2,0.01361157894736842,0.013593333333333332
1648832482163981.2,0.013592452830188678,0.013572264150943397
1648832545875475.0,0.0136375,0.01361975
1648832614454868.5,0.01364763157894737,0.013627631578947369
1648832664251089.0,0.013691777777777778,0.013672222222222221
1648832726474907.5,0.013622769230769232,0.01359676923076923
1648832783909643.0,0.01360142857142857,0.013581714285714286
1648832846704531.2,0.0136596875,0.013641875
1648832903762360.0,0.01367,0.0136544
1648832968177117.2,0.013664189944134078,0.01365022346368715
1648833013624898.0,0.013658367346938774,0.01364142857142857
1648833098377329.2,0.013675411764705882,0.013658117647058824
1648833145553711.5,0.013668846153846153,0.013657307692307693
1648833202466863.8,0.013678181818181817,0.013666818181818181
1648833278062592.5,0.013677777777777778,0.013664444444444444
1648833345191392.5,0.01365392405063291,0.013636708860759492
1648833374780177.5,0.013647580645161292,0.01363016129032258
1648833456051087.0,0.01364,0.01363
1648833510205840.0,0.0136408,0.0136308
1648833577127653.8,0.013672115384615383,0.013659423076923076
1648833619760581.5,0.013673023255813955,0.01366232558139535
1648833698606153.8,0.013669230769230769,0.013656153846153846
1648833761637941.2,0.013670588235294117,0.013655882352941176
1648833808758250.0,0.0136753125,0.0136615625
1648833867738380.2,0.013665400000000001,0.0136518
1648833930466416.8,0.013658333333333333,0.013647083333333332
1648833988980220.2,0.013654,0.0136382
1648834044936212.0,0.013663636363636364,0.013649393939393939
1648834104827210.5,0.013667894736842105,0.013653157894736844
1648834167698100.0,0.013669999999999998,0.01366
1648834230464324.2,0.01367135135135135,0.013658108108108108
1648834290010471.8,0.013657735849056604,0.013642830188679246
1648834343385636.2,0.013656363636363637,0.013643939393939394
1648834406353296.2,0.013659629629629631,0.013641111111111113
1648834467770555.5,0.013656111111111112,0.01364
1648834538700230.8,0.01365887573964497,0.01364
1648834583756038.5,0.013655769230769232,0.013640384615384613
1648834648582227.2,0.013671136363636364,0.013655
1648834706058731.8,0.013677560975609755,0.013662926829268294
1648834757077344.8,0.013687586206896552,0.01367655172413793
1648834829515000.0,0.01369,0.013677692307692307
1648834894255762.0,0.013678095238095237,0.013667142857142857
1648834938847791.8,0.013681249999999999,0.013666666666666667
1648835003071500.0,0.01368111111111111,0.013671111111111111
1648835076721000.0,0.013688,0.0136772
1648835126441971.5,0.013693714285714286,0.013682857142857142
1648835197188315.8,0.013700000000000002,0.01369
1648835249198733.2,0.013694666666666667,0.013684666666666668
1648835318404210.5,0.01369,0.01368
1648835370209074.0,0.013692962962962964,0.013682592592592592
1648835417075028.5,0.013699142857142858,0.013683428571428572
1648835484118652.2,0.0137,0.013689275362318842
1648835551772882.2,0.013694117647058824,0.013684117647058824
1648835616858941.2,0.01369,0.01368
1648835667469847.8,0.013692391304347826,0.01368195652173913
1648835732569000.0,0.01371695652173913,0.013703478260869565
1648835791860389.0,0.013729722222222221,0.013715
1648835842038416.8,0.013727499999999998,0.013715416666666667
1648835924043818.2,0.01373340909090909,0.013718181818181819
1648835969258500.0,0.013760952380952382,0.01374452380952381
1648836031052933.2,0.013782333333333334,0.013767333333333333
1648836088702045.5,0.013794772727272727,0.013778863636363636
1648836149135714.2,0.013804285714285713,0.01379
1648836206203691.0,0.01383509090909091,0.01382090909090909
1648836268126458.2,0.01385,0.013835
1648836343322944.5,0.013856666666666666,0.013840555555555556
1648836383741538.5,0.013844615384615384,0.013832307692307692
1648836445453298.8,0.013788831168831167,0.01377116883116883
1648836498431552.8,0.013755526315789473,0.01374
1648836568735896.5,0.013758965517241378,0.013742758620689655
1648836629949833.2,0.013761250000000001,0.01375125
1648836685182565.2,0.013805217391304346,0.013787391304347826
1648836756622000.0,0.013799333333333334,0.013784
1648836812231625.0,0.01378625,0.013774999999999999
1648836885338307.8,0.013789615384615385,0.013774999999999999
1648836936483857.2,0.013771071428571428,0.013744642857142856
1648836998854534.2,0.013696363636363635,0.013674318181818183
1648837041204922.0,0.0136290625,0.013611875
1648837113968531.8,0.0135731914893617,0.013549787234042552
1648837175739156.0,0.013606103896103894,0.013590909090909091
1648837231940500.0,0.013587564102564103,0.013575897435897436
1648837276319629.8,0.013591851851851851,0.013574074074074073
1648837352650663.2,0.013612673267326734,0.013599009900990099
1648837416240691.0,0.013619349593495936,0.013599756097560974
1648837472119458.8,0.013613529411764707,0.01360035294117647
1648837517482180.2,0.013606885245901638,0.01359016393442623
1648837581161145.2,0.013563709677419355,0.013547096774193548
1648837647593537.2,0.013549074074074074,0.013531296296296298
1648837716340161.2,0.013534032258064517,0.01352
1648837771465037.0,0.01354,0.01352
1648837833864077.0,0.01354230769230769,0.013526153846153846
1648837894974561.0,0.013542926829268291,0.013530487804878049
1648837958201939.5,0.013558484848484847,0.01353909090909091
1648838009662354.8,0.013568709677419355,0.013551935483870967
1648838068645458.2,0.01357,0.0135525
1648838142992080.5,0.013567741935483872,0.01355774193548387
1648838173024816.5,0.013560833333333333,0.01355
1648838255447666.8,0.013566666666666666,0.013549999999999998
1648838309242897.5,0.013569999999999999,0.013557692307692307
1648838361201039.0,0.013568823529411765,0.013557647058823528
1648838439989500.0,0.013572142857142857,0.013554642857142857
1648838504517041.8,0.013585,0.013570833333333332
1648838550448370.2,0.013565185185185184,0.013554074074074074
1648838609146200.0,0.01356,0.013548666666666665
1648838667936038.5,0.013559230769230768,0.013548461538461539
1648838729684950.0,0.013556499999999999,0.013545499999999999
1648838794347820.2,0.0135512,0.013541000000000001
1648838846292333.5,0.01355,0.01354
1648838913794639.8,0.013569186046511627,0.01355
1648838972586555.5,0.013568888888888889,0.013555555555555555
1648839027321750.0,0.013563124999999999,0.0135475
1648839096075500.0,0.013559999999999997,0.013545833333333333
1648839151366707.2,0.013551707317073171,0.01354170731707317
1648839210250108.5,0.013548260869565218,0.01353695652173913
1648839272952215.8,0.013540588235294118,0.013529803921568627
1648839319896007.8,0.013539841269841271,0.01352984126984127
1648839383816823.5,0.013535882352941177,0.013524117647058824
1648839455000416.8,0.013540000000000002,0.01353
1648839508126600.0,0.013533600000000002,0.0135236
1648839564732470.5,0.013531176470588236,0.013518823529411765
1648839636583942.8,0.013533,0.013520571428571429
1648839688587947.2,0.013541052631578948,0.013530526315789475
1648839755870807.8,0.01354,0.013529999999999999
1648839809615695.8,0.01353304347826087,0.013518985507246378
1648839860334653.8,0.01352423076923077,0.01351423076923077
1648839935107754.5,0.013518596491228071,0.013506140350877192
1648839986721842.0,0.013519999999999999,0.013509473684210524
1648840058914027.2,0.01352781818181818,0.013511818181818182
1648840095617321.0,0.013534495412844037,0.013514587155963303
1648840175749025.0,0.01353,0.013514000000000002
1648840228736782.5,0.013529565217391305,0.013519565217391305
1648840288262735.2,0.01352,0.01350735294117647
1648840350294285.8,0.013509642857142857,0.013496785714285715
1648840398970541.8,0.013508,0.013495741935483871
1648840479540136.2,0.01351181818181818,0.013492727272727273
1648840528895111.0,0.013487962962962964,0.013473888888888888
1648840588541260.2,0.0134842,0.013473199999999998
1648840652848239.2,0.013481521739130434,0.01346304347826087
1648840710859783.5,0.013465166666666667,0.013450833333333334
1648840774582063.8,0.013441063829787235,0.013426170212765957
1648840828175672.0,0.013420937499999999,0.0134109375
1648840891626836.0,0.013418688524590163,0.013408688524590165
1648840944838875.0,0.0134275,0.013414583333333334
1648841007164000.0,0.013430000000000001,0.013415
1648841068270885.8,0.013441714285714286,0.013429142857142857
1648841133148517.2,0.013443103448275862,0.013430689655172414
1648841189390238.0,0.01343904761904762,0.013428095238095236
1648841253928409.0,0.013431363636363635,0.01342
1648841301597727.2,0.013439090909090911,0.013423636363636362
1648841361882473.8,0.013440000000000002,0.013430000000000001
1648841430325769.2,0.013441025641025641,0.013431025641025642
1648841493272878.8,0.01344939393939394,0.013433333333333332
1648841541399000.0,0.013439333333333334,0.013421999999999998
1648841614416600.0,0.013420571428571428,0.013401142857142858
1648841666680030.2,0.013397575757575757,0.013383636363636363
1648841729840391.8,0.013370270270270272,0.013355405405405404
1648841782569902.5,0.013341463414634144,0.013330731707317075
1648841841698416.8,0.01334,0.013329166666666668
1648841919107366.8,0.01334,0.013329
1648841956291156.2,0.0133296875,0.013314375
1648842031230907.2,0.01332,0.01331
1648842092884744.2,0.01332,0.01331
1648842150411553.2,0.01332,0.01331
1648842211524693.8,0.01332,0.01331
1648842266467979.2,0.013315625,0.013303958333333333
1648842331883000.0,0.013318333333333333,0.013308333333333333
1648842394982323.5,0.013335294117647058,0.013319411764705882
1648842447577291.8,0.01334,0.013329166666666668
1648842511742470.5,0.013339411764705883,0.013324509803921568
1648842567231605.2,0.013337105263157895,0.013325263157894738
1648842629328738.0,0.013358571428571428,0.013342380952380953
1648842683468185.2,0.01337,0.013357037037037037
1648842748675821.5,0.013362142857142859,0.013351428571428571
1648842806160944.5,0.01336,0.013349444444444445
1648842870982258.8,0.01337103448275862,0.01335948275862069
1648842929975666.8,0.01338,0.013359999999999999
1648842995627622.8,0.013387735849056604,0.01336811320754717
1648843048746592.5,0.0134,0.01338
1648843107742415.0,0.013402075471698114,0.013389433962264151
1648843165710000.0,0.01341,0.013397021276595745
1648843228891062.5,0.01340375,0.0133915625
1648843286670750.0,0.013409722222222222,0.013394722222222223
1648843351498885.2,0.01342,0.01341
1648843397162206.0,0.013420588235294116,0.013410588235294117
1648843477331666.8,0.013415833333333333,0.013405833333333334
1648843519837052.8,0.013401052631578947,0.013390526315789476
1648843598134371.5,0.0134,0.01339
1648843638081900.0,0.0134,0.013390000000000003
1648843707087857.2,0.013439761904761906,0.013422619047619048
1648843768787636.2,0.01346181818181818,0.01344318181818182
1648843831594574.2,0.013476666666666668,0.013459444444444444
1648843878738500.0,0.013496428571428572,0.01348
1648843961357333.2,0.013504166666666666,0.013487083333333335
1648844000348034.5,0.013507241379310345,0.013487241379310346
1648844070487947.2,0.013483157894736843,0.013464736842105264
1648844124093882.2,0.013485882352941177,0.013474117647058824
1648844193000700.0,0.013484000000000001,0.013472499999999998
1648844248494222.2,0.01348,0.013462222222222221
1648844318815307.8,0.013483076923076924,0.013463076923076923
1648844373842266.8,0.013462666666666668,0.01345
1648844433228125.0,0.01346,0.01345
1648844500279136.2,0.013455454545454546,0.013442272727272726
1648844550947924.5,0.013428113207547169,0.013408490566037736
1648844605865597.2,0.013371111111111111,0.013359166666666665
1648844667363755.5,0.013354222222222222,0.01334
1648844733260046.5,0.01335,0.013340000000000001
1648844790731690.5,0.013349761904761906,0.01333952380952381
1648844847920725.0,0.013340250000000001,0.01333
1648844903688558.8,0.01333029411764706,0.013314411764705884
1648844980700000.0,0.01333,0.013315
1648845024904181.8,0.013340606060606061,0.013323939393939395
1648845082972857.2,0.01334,0.01333
1648845148168240.0,0.0133524,0.0133388
1648845217958000.0,0.01334,0.01333
1648845274619125.0,0.01334,0.01333
1648845329619224.5,0.013344897959183675,0.013328775510204081
1648845388829959.2,0.01336,0.013348163265306122
1648845444485413.8,0.013350689655172414,0.013340344827586207
1648845514909833.2,0.01335,0.01334
1648845565567613.0,0.013350000000000002,0.013338387096774193
1648845636242021.5,0.01335,0.013339574468085105
1648845683028477.0,0.013347954545454545,0.013337954545454545
1648845749016250.0,0.0133459375,0.0133325
1648845811400512.8,0.013349230769230768,0.013338974358974359
1648845864525000.0,0.013343809523809525,0.013325238095238097
1648845928649285.8,0.013326571428571429,0.013311714285714288
1648845990734000.0,0.013290000000000001,0.013273720930232559
1648846043384551.2,0.013271632653061225,0.013251632653061224
1648846107266405.5,0.01324972972972973,0.013233243243243244
1648846179380937.5,0.013253125,0.01323625
1648846219808153.8,0.013246923076923076,0.01322923076923077
1648846294013889.0,0.01325,0.01324
1648846360374360.0,0.01325,0.01324
1648846401552789.5,0.013249999999999998,0.01324
1648846470311375.0,0.01325,0.01324
1648846515885555.5,0.013253333333333332,0.013241111111111111
1648846596527903.2,0.013283870967741935,0.013264193548387097
1648846650399772.8,0.013287727272727272,0.013273181818181818
1648846727777416.8,0.013290000000000001,0.013274583333333333
1648846780320142.8,0.013289047619047619,0.013276190476190476
1648846837898000.0,0.013284,0.013273000000000002
1648846878896043.5,0.01329,0.013275217391304347
1648846945665000.0,0.013291111111111111,0.013275
1648847005231272.8,0.013289999999999998,0.013278181818181817
1648847059774625.0,0.01329,0.01328
1648847123736687.5,0.0133,0.01329
1648847171464916.8,0.0133,0.013290000000000001
1648847248532000.0,0.013300000000000001,0.01329
1648847305206000.0,0.013307333333333334,0.013297333333333333
1648847363030500.0,0.01331,0.0133
1648847415872000.0,0.013319000000000001,0.013300000000000001
1648847481922214.2,0.013322857142857141,0.013306428571428571
1648847553905333.2,0.01333,0.013314583333333333
1648847609422434.8,0.013325217391304347,0.013310652173913043
1648847666345114.2,0.013338571428571429,0.013326285714285714
1648847736393631.5,0.01333421052631579,0.013324210526315789
1648847783028421.0,0.013330526315789473,0.013316842105263156
1648847852377000.0,0.013318333333333335,0.013304166666666666
1648847903435961.5,0.013315769230769232,0.0133
1648847972460250.0,0.013311666666666666,0.0133
1648848017826941.2,0.013317647058823531,0.013301176470588235
1648848089806363.8,0.013308181818181818,0.013296363636363636
1648848147478166.8,0.0133075,0.013290000000000001
1648848221564000.0,0.0133,0.01329
1648848267370500.0,0.0133,0.013290000000000001
1648848326574666.8,0.0133,0.013290000000000001
1648848375905785.8,0.013302142857142858,0.013287142857142857
1648848443041384.5,0.013315384615384616,0.013297692307692307
1648848512758942.8,0.013340857142857144,0.013323999999999999
1648848584377035.8,0.013356071428571429,0.013343571428571429
1648848628016222.2,0.013359999999999999,0.013350000000000002
1648848688139375.0,0.01336,0.01335
1648848750271958.2,0.013360000000000002,0.01335
1648848799731142.8,0.013360000000000002,0.013349999999999999
1648848873165304.2,0.013356521739130435,0.013346521739130436
1648848930386100.0,0.013355500000000001,0.01334
1648848993748583.2,0.0133625,0.013344583333333333
1648849040308800.0,0.013364800000000001,0.013349999999999999
1648849117015250.0,0.013365,0.01335
1648849162184103.5,0.013375862068965516,0.013361379310344828
1648849227726838.8,0.01338,0.01337
1648849292753607.2,0.013378928571428571,0.013368928571428572
1648849362284000.0,0.013375,0.013360000000000002
1648849405461916.8,0.013374166666666666,0.013360000000000002
1648849465110625.0,0.01337,0.01336
1648849536302675.8,0.013346216216216216,0.013331081081081081
1648849587489400.0,0.01333,0.013309999999999999
1648849647417052.8,0.013332105263157893,0.013315263157894736
1648849707746125.0,0.01333375,0.01332
1648849769907941.2,0.013352941176470588,0.013334117647058823
1648849821525666.8,0.013376666666666667,0.013357222222222222
1648849897353558.0,0.013388736842105264,0.01336
1648849949976000.0,0.013381666666666667,0.013363333333333333
1648849999582568.0,0.013385454545454546,0.013371818181818181
1648850074685263.2,0.013392105263157894,0.01338
1648850135575500.0,0.0134,0.01338
1648850193802207.0,0.013399655172413793,0.01338
1648850248240103.5,0.013399655172413793,0.01338
1648850311546481.5,0.0134,0.01338074074074074
1648850366977800.0,0.013392666666666667,0.013382
1648850430474592.5,0.013402962962962964,0.013392962962962964
1648850488986545.5,0.01341,0.013399090909090909
1648850547613684.2,0.013399473684210525,0.013386842105263159
1648850608170066.8,0.013369666666666667,0.013355
1648850671377320.0,0.0133432,0.013329
1648850737434473.8,0.013321052631578947,0.01331105263157895
1648850800061851.8,0.013305555555555557,0.013286666666666667
1648850846360396.8,0.0133,0.013282758620689655
1648850914072250.2,0.0133,0.013286136363636363
1648850964864833.2,0.013301666666666668,0.013286666666666667
1648851024921560.0,0.0132832,0.013266799999999999
1648851079679681.8,0.013276818181818183,0.01326
1648851167152066.8,0.013312666666666667,0.013286666666666667
1648851206683800.0,0.0133386,0.013309999999999999
1648851269453666.5,0.013330000000000002,0.01331
1648851330650687.2,0.013318749999999999,0.013307291666666667
1648851390192949.8,0.01331,0.013298333333333332
1648851448716480.0,0.013309999999999999,0.0132934
1648851511936114.2,0.01331,0.01329
1648851569699108.8,0.013308043478260869,0.013290652173913042
1648851630537545.5,0.013302424242424242,0.01329
1648851696109444.5,0.013286190476190477,0.01326968253968254
1648851734888592.5,0.013260000000000001,0.013241851851851852
1648851809701552.8,0.01326,0.013247105263157895
1648851876418852.5,0.013268196721311475,0.013251311475409836
1648851929643400.0,0.01326,0.013247
1648851980256222.2,0.013255555555555555,0.013245555555555556
1648852047736000.0,0.01326,0.01325
1648852106325333.2,0.01326,0.01325
1648852177314470.5,0.013254117647058822,0.013241176470588235
1648852226371250.0,0.013257857142857142,0.013243571428571427
1648852281020307.8,0.013276923076923077,0.013262692307692307
1648852360809285.8,0.01328,0.01327
1648852402523642.8,0.01328,0.01327
1648852471864108.0,0.013289459459459458,0.013279459459459459
1648852519090000.0,0.013282142857142857,0.013272142857142857
1648852583840800.0,0.013287499999999999,0.013276
1648852646781000.0,0.013289999999999998,0.01327090909090909
1648852713054857.2,0.01329,0.01327
1648852769962028.5,0.01329,0.01327
1648852826227872.2,0.013289574468085106,0.013270851063829787
1648852894000427.2,0.013254529914529915,0.013236239316239316
1648852945168557.5,0.013243846153846153,0.013224615384615387
1648853016431014.0,0.013229154929577465,0.01321267605633803
1648853065116091.0,0.01323,0.01321
1648853133507152.0,0.01323,0.01321282608695652
1648853176377807.8,0.01323,0.013216538461538462
1648853248203581.5,0.013251860465116278,0.013234186046511626
1648853309263000.0,0.01326,0.01324206896551724
1648853367001305.5,0.013255555555555555,0.013240277777777778
1648853431889681.8,0.01326,0.013248636363636363
1648853501989000.0,0.01326,0.013250000000000001
1648853547976794.8,0.013245128205128206,0.013230769230769232
1648853592315111.0,0.01325,0.01323
1648853658390777.8,0.013252777777777777,0.01324
1648853729445000.0,0.013252857142857141,0.01324
1648853805512444.5,0.013270833333333334,0.013254444444444444
1648853838180125.0,0.013284250000000001,0.0132715
1648853903346440.0,0.0132812,0.013269999999999999
1648853973984272.8,0.01327090909090909,0.01326090909090909
1648854037165944.5,0.01327,0.013258888888888888
1648854088627881.0,0.013271190476190478,0.013260714285714284
1648854144857527.8,0.013257777777777778,0.013244722222222222
1648854211005833.2,0.01325,0.013232500000000001
1648854255437545.5,0.01325,0.013230909090909092
1648854339103642.8,0.01324,0.013228571428571428
1648854395915034.5,0.013234482758620691,0.013215862068965517
1648854462022500.0,0.01324,0.01322
1648854511446266.8,0.013233333333333335,0.013218666666666667
1648854582140764.8,0.013234117647058825,0.01322
1648854630626095.2,0.013231904761904762,0.013216190476190477
1648854685114225.0,0.01323,0.01321425
1648854759945920.0,0.013220800000000001,0.013202400000000001
1648854799159500.0,0.013211111111111111,0.013197777777777777
1648854862237529.5,0.013201470588235294,0.013183529411764707
1648854933632312.5,0.013205625,0.01319
1648854975632636.2,0.013217272727272727,0.013206363636363638
1648855054279500.0,0.01323,0.01322
1648855108332045.5,0.013229999999999999,0.013218636363636365
1648855174143900.0,0.013225,0.013214
1648855225860769.2,0.013223846153846154,0.01321076923076923
1648855293995571.5,0.01322,0.01321
1648855340007762.0,0.013215238095238094,0.0132
1648855413361000.0,0.01321375,0.01320125
1648855478984166.8,0.013208666666666667,0.013195
1648855529136529.5,0.013215882352941176,0.01320235294117647
1648855592688657.2,0.013206571428571429,0.013193428571428571
1648855649636843.8,0.0132,0.01318
1648855698161187.5,0.0132,0.01318
1648855760688087.0,0.0132,0.013188695652173912
1648855826996000.0,0.0132,0.01319
1648855885365187.5,0.0132028125,0.0131903125
1648855954549250.0,0.013217916666666668,0.013199999999999998
1648856011211555.5,0.013214444444444445,0.01319888888888889
1648856078446692.2,0.013218076923076924,0.013197307692307692
1648856136251000.0,0.01323,0.013214848484848484
1648856184812269.2,0.01323923076923077,0.013228846153846155
1648856251506868.0,0.01324,0.01323
1648856309682096.0,0.01324,0.01323
1648856366701389.0,0.01324,0.01323
1648856438086963.0,0.013246666666666665,0.013235185185185185
1648856491676117.8,0.013262941176470588,0.013250882352941177
1648856555200133.2,0.013279999999999998,0.013269333333333333
1648856608081347.8,0.01328,0.013270000000000002
1648856677114869.5,0.013275217391304347,0.01326478260869565
1648856731010827.5,0.013286896551724138,0.01327551724137931
1648856792495066.8,0.013285333333333335,0.01327
1648856845933500.0,0.01329,0.01327
1648856910257375.0,0.01329,0.01327
1648856968638600.0,0.013285666666666666,0.013271666666666666
1648857024587500.0,0.013284583333333334,0.013269999999999999
1648857089389310.2,0.01329,0.013274827586206898
1648857152443764.8,0.01329,0.01328
1648857210018500.0,0.01329,0.01328
1648857274507750.0,0.013282500000000001,0.0132725
1648857320796825.0,0.013296249999999999,0.01328075
1648857399813666.8,0.013313333333333333,0.013301481481481482
1648857451659200.0,0.013308249999999999,0.01329525
1648857503150484.8,0.013305757575757575,0.013290909090909091
1648857562904823.5,0.01331470588235294,0.0133
1648857630444471.0,0.01332671875,0.0133140625
1648857698054723.5,0.013315744680851066,0.01329936170212766
1648857746491151.5,0.013301363636363637,0.013282727272727272
1648857802319952.5,0.013285714285714286,0.013272857142857145
1648857866280350.0,0.013286500000000001,0.013276
1648857932114142.8,0.013282142857142857,0.01327
1648857989459000.0,0.013288076923076923,0.01327
1648858043735878.8,0.013283939393939393,0.013272424242424242
1648858109205190.5,0.013284285714285714,0.013272857142857145
1648858172024166.8,0.013274166666666668,0.013264166666666667
1648858241952928.5,0.013273571428571428,0.013263571428571428
1648858295822304.2,0.013273913043478261,0.013263043478260869
1648858351419266.5,0.0132664,0.013254533333333332
1648858418723608.8,0.013244782608695653,0.013234347826086956
1648858471303444.5,0.013237407407407408,0.01322277777777778
1648858528518881.2,0.013238135593220339,0.01322
1648858598850866.8,0.013234666666666667,0.013220666666666667
1648858648989368.5,0.013251052631578946,0.013236315789473685
1648858716359000.0,0.013280571428571428,0.013262857142857142
1648858755334440.0,0.013285199999999999,0.0132704
1648858825056391.2,0.013296086956521737,0.01328
1648858889999240.0,0.0133,0.01328
1648858958081458.2,0.0133,0.013284166666666666
1648859022854916.8,0.013298333333333334,0.013281666666666666
1648859073439954.5,0.013302272727272729,0.013284999999999998
1648859126990476.2,0.01330904761904762,0.013293333333333332
1648859194246424.2,0.013301515151515151,0.01329
1648859252274220.2,0.0132994,0.0132862
1648859312205586.2,0.013290344827586207,0.013280344827586207
1648859370985400.0,0.01329,0.013279
1648859430605694.5,0.013280555555555556,0.013263055555555556
1648859492017653.8,0.013287692307692308,0.013275769230769232
1648859552415692.2,0.013295384615384615,0.013283461538461539
1648859617901806.5,0.01329,0.013278709677419355
1648859675080727.2,0.013296363636363636,0.013280727272727272
1648859733627551.0,0.013346326530612245,0.013325102040816326
1648859788137844.5,0.013345777777777778,0.01333022222222222
1648859850411314.2,0.013357142857142857,0.01334257142857143
1648859913798146.0,0.013373125,0.01335625
1648859975757861.0,0.01339138888888889,0.013371111111111111
1648860036909153.8,0.013398269230769231,0.013386923076923078
1648860089037763.5,0.013392181818181819,0.013372545454545455
1648860149734063.5,0.01339,0.013373809523809524
1648860201330241.5,0.013390689655172414,0.013372758620689654
1648860274245913.0,0.0134,0.013382173913043478
1648860325673365.8,0.013422439024390245,0.013404390243902439
1648860385242029.5,0.013425882352941176,0.013406764705882354
1648860450414820.5,0.013424871794871795,0.013410769230769231
1648860515241913.0,0.013448260869565219,0.013436304347826087
1648860565375466.8,0.01344,0.013421333333333334
1648860637470533.2,0.013437333333333334,0.01342
1648860679227222.2,0.013464166666666666,0.013449722222222222
1648860748837846.2,0.013468076923076923,0.013446153846153847
1648860808920812.5,0.01347828125,0.01345546875
1648860872033456.8,0.013478478260869566,0.013461739130434783
1648860932071434.8,0.013492028985507247,0.013475797101449275
1648860995207534.2,0.013511896551724138,0.013495862068965518
1648861054605551.8,0.013497586206896551,0.013474999999999999
1648861108195833.2,0.0135,0.013478166666666668
1648861166860829.2,0.0135,0.013481463414634147
1648861230071526.2,0.013513947368421054,0.013499473684210526
1648861288516615.5,0.013532307692307692,0.013515384615384615
1648861346296317.0,0.01352,0.01350048780487805
1648861406517391.2,0.013534782608695653,0.013518695652173913
1648861467498783.8,0.013532972972972974,0.013514864864864865
1648861543121714.2,0.01354952380952381,0.01353
1648861586355689.0,0.013525333333333332,0.013506888888888888
1648861648964419.2,0.013488709677419355,0.013471612903225806
1648861717629600.0,0.013472,0.013456888888888888
1648861771640913.0,0.013495434782608695,0.013475652173913043
1648861833616508.0,0.013485238095238094,0.01346888888888889
1648861901569486.5,0.013515135135135133,0.01349918918918919
1648861933487756.8,0.01356864864864865,0.01355054054054054
1648862003659250.0,0.01356,0.01354
1648862067044515.2,0.013548181818181819,0.01352969696969697
1648862132645034.5,0.013559827586206897,0.01354655172413793
1648862187842703.0,0.0135440625,0.01352515625
1648862253029763.2,0.01353407894736842,0.013513947368421054
1648862308379156.8,0.013468313253012048,0.013446385542168674
1648862366537880.0,0.013458999999999999,0.013442800000000001
1648862422592766.8,0.013452333333333334,0.013434333333333333
1648862489981052.8,0.01345,0.013430000000000001
1648862552860353.0,0.01343529411764706,0.013416470588235294
1648862614249481.5,0.01343,0.013412592592592594
1648862670500516.8,0.01343,0.013413833333333335
1648862718507657.2,0.01343,0.013409142857142857
1648862788856428.5,0.01343,0.01341
1648862847688444.5,0.01343148148148148,0.013414444444444444
1648862898557846.2,0.01343,0.013411538461538463
1648862973555394.8,0.013422631578947367,0.013405263157894736
1648863021326625.0,0.013432083333333332,0.013418333333333332
1648863094245937.5,0.013426249999999999,0.013411875
1648863151242941.2,0.01343,0.01341
1648863217075653.8,0.01343,0.013410000000000002
1648863271377316.0,0.01344280701754386,0.01342701754385965
1648863325584421.0,0.01345,0.013434736842105263
1648863397218260.8,0.013438260869565219,0.013420434782608695
1648863440526954.5,0.013426363636363636,0.013411363636363636
1648863500163900.0,0.013425499999999998,0.013412499999999999
1648863572787828.5,0.013428571428571429,0.01341257142857143
1648863642508250.0,0.01343,0.013418333333333332
1648863695090105.2,0.013435789473684212,0.013417894736842106
1648863749599923.0,0.01344,0.013425384615384615
1648863805808500.0,0.013438333333333335,0.01342
1648863871918218.8,0.013435625,0.013419374999999999
1648863930196050.0,0.01343575,0.013419
1648863987535071.5,0.01345,0.01343
1648864055654266.8,0.01345,0.013432666666666667
1648864115393687.5,0.01345,0.0134365625
1648864164601749.8,0.013454833333333333,0.013435333333333332
1648864236938365.5,0.013460769230769231,0.01344423076923077
1648864276725827.5,0.013457586206896553,0.013441034482758622
1648864357747714.2,0.013465,0.01345142857142857
1648864410639411.8,0.013468823529411764,0.01345294117647059
1648864471194000.0,0.013461052631578947,0.01345
1648864520184125.0,0.01346,0.013446875
1648864606123926.0,0.013507407407407405,0.013485185185185185
1648864646989602.2,0.013524819277108434,0.013508554216867471
1648864710256800.0,0.013533666666666666,0.01352
1648864776351115.5,0.01353346153846154,0.01352
1648864824468833.2,0.013540000000000002,0.013519999999999999
1648864885819303.0,0.01353060606060606,0.013514545454545454
1648864963329928.5,0.013496428571428572,0.013484285714285714
1648865006327324.2,0.013498378378378379,0.01348837837837838
1648865080980241.5,0.0135,0.01349
1648865116304290.2,0.01350516129032258,0.013493225806451613
1648865190957706.0,0.013519411764705882,0.013507058823529412
1648865248743263.2,0.013508684210526315,0.013496052631578949
1648865301162392.8,0.013502857142857141,0.013486071428571429
1648865371227642.8,0.013499285714285714,0.01348
1648865438728153.8,0.013491153846153847,0.013477307692307693
1648865489459615.5,0.013493846153846153,0.013483076923076922
1648865543894891.2,0.01349,0.013480000000000002
1648865607792179.0,0.013508358208955223,0.013494477611940298
1648865677706230.8,0.013524615384615385,0.013514615384615385
1648865728167091.0,0.013504545454545453,0.013494545454545454
1648865790855633.2,0.013498666666666666,0.013480666666666667
1648865845132064.5,0.013510000000000001,0.013494516129032257
1648865918916023.2,0.013553953488372093,0.013534186046511628
1648865976521750.0,0.01353875,0.013526250000000002
1648866023471757.5,0.013535454545454545,0.013516060606060606
1648866090147303.5,0.013552142857142858,0.013538035714285714
1648866147421564.0,0.013572820512820513,0.013553846153846152
1648866200326500.0,0.013576818181818183,0.01356090909090909
1648866281015111.0,0.013576666666666667,0.013563333333333333
1648866330133302.2,0.01357813953488372,0.013566279069767442
1648866380928403.5,0.013557428571428571,0.013542285714285715
1648866459331045.5,0.013552272727272725,0.013536818181818183
1648866505116187.5,0.01355,0.0135303125
1648866562505903.2,0.013534516129032259,0.013518709677419355
1648866636711197.5,0.013481052631578946,0.013466447368421052
1648866689763117.8,0.013503676470588236,0.013486323529411764
1648866748386074.0,0.013477407407407407,0.013461111111111111
1648866803589333.2,0.013465238095238094,0.013454285714285716
1648866868352571.5,0.01347,0.01346
1648866931393272.8,0.013475909090909092,0.01346181818181818
1648866985099454.5,0.013479999999999999,0.01346
1648867051946909.0,0.013476727272727272,0.013456545454545455
1648867109920432.0,0.013452272727272728,0.013433863636363636
1648867164789000.0,0.01342095238095238,0.013410952380952381
1648867231539486.2,0.013402777777777779,0.01339138888888889
1648867277360947.2,0.013408947368421053,0.013394736842105263
1648867359312142.8,0.013385,0.013373214285714285
1648867406672259.2,0.013372592592592592,0.013359999999999999
1648867472534575.0,0.01337575,0.013365750000000001
1648867520535826.0,0.013391304347826087,0.013380869565217392
1648867600412333.2,0.013405714285714285,0.013394285714285716
1648867649680275.8,0.013395862068965517,0.013385517241379308
1648867700171180.2,0.013400400000000002,0.0133878
1648867766582818.2,0.013402045454545456,0.013387499999999998
1648867819637052.8,0.01341,0.0134
1648867903405706.0,0.01341705882352941,0.013406470588235294
1648867949538117.8,0.01343235294117647,0.013415294117647058
1648868010972837.8,0.01343,0.01341
1648868071451950.0,0.0134285,0.01341
1648868136788050.0,0.013422499999999999,0.0134105
1648868187489241.5,0.01342,0.01341
1648868251509208.2,0.013422916666666666,0.0134125
1648868312099700.0,0.013427,0.013417000000000002
1648868371871862.0,0.01342,0.01341
1648868432622091.0,0.01342,0.013401818181818181
1648868486613666.8,0.013417499999999999,0.0134
1648868553210523.8,0.013410000000000002,0.013399999999999999
1648868617069699.8,0.0133986,0.0133836
1648868660203142.8,0.013401071428571429,0.013383571428571429
1648868739586238.0,0.013420000000000001,0.013399999999999999
1648868794007196.2,0.013430000000000001,0.013411960784313726
1648868848865880.0,0.013462,0.01345
1648868911870114.2,0.013457142857142857,0.013446857142857142
1648868975043642.8,0.013429285714285713,0.013416071428571428
1648869025779111.0,0.01343,0.01342
1648869083680920.0,0.0134448,0.01343
1648869149459428.5,0.01345,0.013439999999999999
1648869203118875.0,0.013449999999999998,0.013434583333333333
1648869263589615.5,0.013438461538461538,0.01342576923076923
1648869331658580.8,0.013443870967741935,0.01343258064516129
1648869391246359.0,0.013449999999999998,0.013440000000000002
1648869449525344.8,0.01345,0.01344
1648869507157982.2,0.01345,0.013431785714285714
1648869565760454.5,0.013440909090909092,0.013428636363636363
1648869626638354.0,0.01344,0.01343
1648869699305096.8,0.01344,0.01343
1648869745573952.5,0.01343857142857143,0.013428571428571427
1648869808052960.0,0.013428,0.0134124
1648869862012757.5,0.013426969696969696,0.013413333333333333
1648869931086900.0,0.013419999999999998,0.01341
1648869984766691.0,0.013420571428571428,0.01341057142857143
1648870052658677.5,0.01343,0.01342
1648870104623946.0,0.013424054054054052,0.013413783783783783
1648870163724423.0,0.013421923076923078,0.013409230769230769
1648870233249928.5,0.01341,0.013397142857142857
1648870283647200.0,0.013410666666666666,0.013397333333333334
1648870356028200.0,0.01341,0.0134
1648870408086091.0,0.013410909090909091,0.0134
1648870468257606.0,0.013417272727272727,0.013404848484848486
1648870531629339.8,0.013440188679245284,0.013422264150943396
1648870589249434.8,0.013458260869565216,0.01344
1648870658821465.0,0.013494651162790696,0.01348232558139535
1648870699901192.0,0.013524520547945205,0.013513287671232875
1648870782007000.0,0.013534285714285716,0.01352
1648870832944666.8,0.013533703703703704,0.013522222222222224
1648870898935532.0,0.013561702127659574,0.013544255319148936
1648870948282521.8,0.01356304347826087,0.013551739130434781
1648871019895280.0,0.0135432,0.0135236
1648871067984241.5,0.013511379310344828,0.0135
1648871123285828.5,0.013514285714285713,0.013497142857142857
1648871196636428.5,0.01352,0.01351
1648871259539555.5,0.013511666666666667,0.013497777777777779
1648871319268666.8,0.013504444444444444,0.01349
1648871371687666.8,0.013508666666666667,0.013493333333333333
1648871432384333.2,0.01352,0.0135
1648871491864909.0,0.013518181818181818,0.0135
1648871551255000.0,0.0135278125,0.0135109375
1648871614413142.8,0.013545357142857142,0.013527857142857144
1648871663571500.0,0.01353638888888889,0.013518055555555556
1648871732413181.8,0.013523333333333333,0.013503030303030303
1648871793205727.2,0.013553636363636363,0.013533636363636364
1648871848997850.0,0.0135525,0.0135405
1648871920742085.8,0.013524000000000001,0.013510571428571429
1648871961386217.5,0.01352,0.013502173913043479
1648872026806285.8,0.01353,0.01351
1648872081723600.0,0.013530000000000002,0.013510666666666667
1648872160188807.8,0.013519615384615383,0.013501923076923076
1648872200535022.2,0.01355,0.013527333333333334
1648872282296631.5,0.01353421052631579,0.013520526315789474
1648872329066750.0,0.0135385,0.013517499999999998
1648872397687250.0,0.013511666666666665,0.01349138888888889
1648872441411791.8,0.013512291666666667,0.013498749999999999
1648872507223133.2,0.013530000000000002,0.013510666666666667
1648872565060333.2,0.01353,0.01351
1648872627831428.5,0.013527142857142857,0.013511428571428572
1648872687407000.0,0.01353,0.01352
1648872761419384.5,0.013531538461538463,0.013520769230769232
1648872797276470.5,0.013553529411764706,0.013537058823529412
1648872864108375.0,0.01356,0.01354375
1648872924727900.0,0.01356,0.013543
1648872999192000.0,0.013559999999999997,0.013540000000000002
1648873055870083.2,0.013542499999999999,0.0135275
1648873116540800.0,0.013522999999999999,0.013506750000000001
1648873163051882.2,0.013513529411764705,0.01350235294117647
1648873224517000.0,0.013523214285714288,0.013508214285714287
1648873270385700.0,0.01353,0.01351
1648873356003926.0,0.013537777777777779,0.013521481481481482
1648873407643510.2,0.013557959183673468,0.01354530612244898
1648873464227577.5,0.01356022222222222,0.01355
1648873531200115.5,0.013563461538461536,0.013550384615384615
1648873601528040.8,0.013569375,0.013559375
1648873645817625.0,0.01358,0.01356625
1648873711953466.8,0.013578666666666666,0.013561333333333333
1648873768774200.0,0.01358,0.01356
1648873834886166.8,0.01358,0.013559999999999997
1648873896513461.5,0.013596923076923078,0.013583076923076922
1648873948338017.8,0.013649122807017544,0.013632631578947368
1648873992879889.0,0.01366,0.013644444444444443
1648874075459440.0,0.0136918,0.0136788
1648874129966595.8,0.013701276595744681,0.013684255319148938
1648874194311104.0,0.013705208333333331,0.013690416666666668
1648874245307120.0,0.013709599999999999,0.0136944
1648874307888055.5,0.013688333333333334,0.013670555555555556
1648874362009324.2,0.01366,0.013643513513513512
1648874423856363.8,0.013669090909090909,0.013659090909090909
1648874488188206.0,0.013692352941176471,0.013680294117647058
1648874547161800.0,0.0136995,0.0136865
1648874609297900.0,0.013689000000000002,0.013669999999999998
1648874672040000.0,0.013673478260869565,0.013653913043478261
1648874721623600.0,0.01366,0.013646
1648874786841916.8,0.013672083333333333,0.013657916666666667
1648874863153187.5,0.0136825,0.01367
1648874912360083.2,0.013684166666666666,0.013672499999999999
1648874974884800.0,0.013690000000000003,0.013680000000000001
1648875014095900.0,0.013690000000000003,0.013680000000000001
1648875094285466.8,0.01369,0.01368
1648875141539600.0,0.013690000000000003,0.013680000000000001
1648875211349000.0,0.01369,0.01368
1648875283757000.0,0.01367875,0.013664375
1648875314823416.8,0.013646666666666666,0.013630000000000001
1648875394537545.5,0.013639545454545455,0.013622727272727274
1648875437226200.0,0.01366,0.01365
1648875506882250.0,0.01366,0.01365
1648875562625285.8,0.013664285714285714,0.01365
1648875624346142.8,0.01367,0.01365
1648875691816718.8,0.0136775,0.013665
1648875744982952.5,0.013677619047619046,0.013666190476190478
1648875808714666.8,0.013641666666666665,0.013629166666666666
1648875877988250.0,0.013626666666666667,0.0136125
1648875921018166.8,0.013608888888888889,0.013593333333333332
1648875979942091.0,0.013628181818181817,0.013612727272727275
1648876055127100.0,0.0136235,0.013607
1648876108504400.0,0.013623,0.013612000000000003
1648876173242250.0,0.01362,0.01361
1648876222496125.0,0.01363,0.01361
1648876284336400.0,0.013628000000000001,0.01361
1648876347350871.0,0.013629354838709678,0.01361483870967742
1648876409412461.5,0.01363,0.01362
1648876465314892.8,0.01364107142857143,0.01362642857142857
1648876515058166.8,0.01364,0.013629999999999998
1648876585125200.0,0.013632,0.013622
1648876645311368.5,0.013637894736842106,0.01362157894736842
1648876707677391.2,0.01364086956521739,0.01363
1648876769399647.0,0.013643529411764707,0.01363
1648876833778214.2,0.01365,0.01364
1648876887975666.8,0.01365,0.01364
1648876942469200.0,0.013646,0.013636
1648877010994750.0,0.01366,0.01365
1648877074093666.8,0.01366,0.01365
1648877126758500.0,0.01366,0.01365
1648877189430677.0,0.01366,0.01365
1648877251431045.5,0.013655,0.013642727272727273
1648877308621483.8,0.01364516129032258,0.013632580645161289
1648877377855791.8,0.013663333333333333,0.013649583333333333
1648877434633105.2,0.013673684210526315,0.013660526315789474
1648877501142083.2,0.013683333333333334,0.01367
1648877552738762.0,0.013695238095238097,0.01368047619047619
1648877600691461.5,0.013701538461538461,0.01369
1648877669624785.8,0.013705,0.013689999999999999
1648877723209000.0,0.01371,0.01369
1648877795337083.2,0.013706666666666667,0.013693333333333335
1648877839704769.2,0.013701538461538461,0.01369
1648877923026071.5,0.01367,0.013652857142857144
1648877964099250.0,0.01367,0.01365125
1648878025915062.5,0.013676875,0.013660625000000001
1648878085914333.2,0.013683333333333334,0.013667499999999999
1648878150631363.8,0.013657727272727273,0.01364090909090909
1648878217299875.0,0.013641249999999999,0.0136275
1648878275251333.2,0.013645,0.013635
1648878328765461.5,0.013649999999999999,0.01363
1648878393811800.0,0.01365,0.01363
1648878452475357.2,0.013647500000000002,0.013627857142857141
1648878510345772.5,0.013631212121212122,0.013611515151515152
1648878583362642.8,0.01363,0.013611785714285715
1648878631054942.8,0.01363,0.01362
1648878688354609.8,0.013629999999999998,0.01362
1648878736254050.0,0.013645000000000001,0.013630999999999999
1648878805564000.0,0.01365,0.01364
1648878882682285.8,0.01365,0.01364
1648878942672083.2,0.01365,0.01364
1648879006568428.5,0.01364392857142857,0.013631428571428572
1648879045459000.0,0.0136475,0.013635
1648879109531307.8,0.013647692307692307,0.013633846153846154
1648879166335357.2,0.013644285714285715,0.013634285714285713
1648879227240857.2,0.01364,0.01363
1648879286061500.0,0.01364,0.013629999999999998
1648879349779000.0,0.01364,0.013629999999999998
1648879406285500.0,0.01364,0.01363
1648879465386222.2,0.01364,0.01363
1648879517603153.8,0.013644615384615385,0.013633076923076923
1648879591848964.2,0.01364,0.01363
1648879650237395.2,0.013637441860465116,0.013625581395348836
1648879708382000.0,0.01364,0.013627
1648879768935037.0,0.013624444444444446,0.013613333333333333
1648879836376625.0,0.01363375,0.01362
1648879886550230.8,0.013630769230769231,0.01362
1648879949280833.2,0.013629999999999998,0.013618333333333335
1648880002008000.0,0.01363,0.01361
1648880079561000.0,0.01363,0.01361
1648880120467666.8,0.01363,0.01361
1648880203129833.2,0.013655,0.013636111111111111
1648880247795107.2,0.01368,0.013661428571428573
1648880298820600.0,0.013680000000000001,0.013666500000000002
1648880360289500.0,0.013674285714285713,0.013662857142857143
1648880432681000.0,0.013669999999999998,0.01366
1648880498339091.0,0.013668181818181819,0.013650909090909092
1648880548051384.5,0.013668461538461537,0.013655384615384616
1648880611758318.2,0.013722499999999999,0.01370840909090909
1648880680281800.0,0.013667,0.013649
1648880725429750.0,0.013633214285714287,0.013617500000000001
1648880794637636.0,0.0136246875,0.01361125
1648880847965235.2,0.01363529411764706,0.01362
1648880908097454.5,0.013634545454545455,0.013624545454545455
1648880975275571.5,0.01363,0.013620000000000002
1648881040416307.8,0.013626923076923076,0.013611538461538461
1648881099535526.2,0.013622631578947369,0.013609999999999999
1648881148565125.0,0.013615625000000001,0.013605625
1648881212487889.0,0.013618333333333335,0.013606666666666666
1648881275983250.0,0.0136125,0.0136
1648881335121687.5,0.0135671875,0.0135484375
1648881392458805.5,0.01359,0.0135725
1648881444491389.0,0.01359,0.01358
1648881506829208.2,0.01359875,0.013588749999999998
1648881570483650.0,0.013599999999999998,0.013586499999999998
1648881628080312.5,0.0136,0.013586875
1648881690055800.0,0.0136,0.01359
1648881741447857.2,0.01361,0.01359
1648881808009800.0,0.01361,0.01359
1648881871453416.8,0.013610000000000002,0.01359
1648881914994000.0,0.01361,0.0136
1648881985871444.5,0.01361,0.0136
1648882052960000.0,0.01361,0.013599999999999998
1648882117838000.0,0.01361,0.0136
1648882170026750.0,0.013610000000000002,0.0136
1648882225529166.8,0.01361,0.0136
1648882294487636.2,0.013612727272727275,0.0136
1648882343345920.0,0.01361,0.0136
1648882403699047.5,0.01361,0.013599999999999998
1648882457375857.2,0.013618571428571428,0.0136
1648882527563707.0,0.01362603448275862,0.013615
1648882588324125.0,0.0136315625,0.013620625
1648882647949767.5,0.013632093023255815,0.013619999999999998
1648882706519750.0,0.01364,0.0136290625
1648882759761555.5,0.013632962962962961,0.013622962962962962
1648882829071269.2,0.013633846153846154,0.013621538461538463
1648882891429194.5,0.01364,0.013628888888888888
1648882942477666.8,0.01364,0.01363
1648883018219158.0,0.01364,0.013626315789473686
1648883075929652.2,0.01363304347826087,0.013616956521739132
1648883132401304.2,0.013613695652173912,0.013600652173913043
1648883177087681.8,0.013604545454545454,0.013594545454545455
1648883255306091.0,0.01360090909090909,0.013590909090909091
1648883318681812.5,0.0136,0.01359
1648883369671348.2,0.013578030303030304,0.01356530303030303
1648883428390531.2,0.0135646875,0.01355
1648883486877555.5,0.01357,0.013553888888888888
1648883544031500.0,0.01358,0.013565625
1648883613170045.5,0.013580000000000002,0.013569545454545456
1648883669239409.0,0.013580000000000002,0.013564772727272727
1648883731693477.0,0.01356431818181818,0.013551136363636362
1648883789473625.0,0.013569375,0.0135534375
1648883856003131.5,0.013572894736842107,0.013560526315789473
1648883904159071.5,0.01357,0.01356
1648883978338857.2,0.013562380952380952,0.01355095238095238
1648884032159077.0,0.01356,0.01355
1648884087130400.0,0.013553,0.013542333333333333
1648884153541147.0,0.01355,0.01354
1648884202453028.5,0.01355,0.013536285714285714
1648884274525915.0,0.013550000000000001,0.013531489361702127
1648884320706058.8,0.013549117647058823,0.013537941176470588
1648884374045128.5,0.013535882352941177,0.013520588235294118
1648884446736900.0,0.01353,0.01352
1648884512999963.8,0.013521272727272729,0.013507090909090908
1648884561737208.2,0.013527083333333334,0.013512083333333334
1648884630763095.2,0.013524285714285714,0.013513333333333332
1648884689499250.0,0.01353,0.01351392857142857
1648884741393500.0,0.01353,0.01351857142857143
1648884803308036.8,0.013434024390243902,0.013420731707317073
1648884872912588.2,0.013427058823529412,0.013412941176470588
1648884928279312.5,0.01342,0.0134078125
1648884986071600.0,0.01342942857142857,0.013416571428571429
1648885052988833.2,0.01342861111111111,0.013412222222222221
